date	time	milli	price	qty	turnover	cumOpenint	yp	bid	bid.qty	ask	ask.qty	cum.qty	cum.turnover
20210421	20:59:00	500	13855	346	47938300.0	223033	13910	13855	2	13860	69	346	47938300
20210421	21:00:00	500	13850	251	34768900.0	222937	13910	13845	17	13850	83	597	82707200
20210421	21:00:01	0	13845	283	39170750.0	222899	13910	13835	2	13845	37	880	121877950
20210421	21:00:01	500	13845	184	25464500.0	222882	13910	13835	23	13840	1	1064	147342450
20210421	21:00:02	0	13845	163	22562750.0	222895	13910	13845	3	13850	135	1227	169905200
20210421	21:00:02	500	13850	198	27414450.0	222824	13910	13840	25	13845	1	1425	197319650
20210421	21:00:03	0	13845	67	9278400.0	222830	13910	13845	67	13850	32	1492	206598050
20210421	21:00:03	500	13855	91	12604150.0	222861	13910	13850	43	13855	59	1583	219202200
20210421	21:00:04	0	13850	43	5956400.0	222832	13910	13850	50	13855	48	1626	225158600
20210421	21:00:04	500	13850	111	15375700.0	222799	13910	13850	52	13855	24	1737	240534300
20210421	21:00:05	0	13860	86	11914500.0	222812	13910	13855	19	13860	99	1823	252448800
20210421	21:00:05	500	13855	76	10530250.0	222804	13910	13855	1	13860	104	1899	262979050
20210421	21:00:06	0	13855	36	4987300.0	222785	13910	13850	72	13855	54	1935	267966350
20210421	21:00:06	500	13855	41	5679500.0	222790	13910	13850	66	13855	63	1976	273645850
20210421	21:00:07	0	13855	16	2216600.0	222783	13910	13850	69	13855	60	1992	275862450
20210421	21:00:07	500	13855	63	8728450.0	222789	13910	13850	70	13855	12	2055	284590900
20210421	21:00:08	0	13855	68	9421000.0	222785	13910	13850	111	13860	119	2123	294011900
20210421	21:00:08	500	13855	30	4156700.0	222783	13910	13855	1	13860	112	2153	298168600
20210421	21:00:09	0	13855	62	8589600.0	222790	13910	13850	105	13855	10	2215	306758200
20210421	21:00:09	500	13855	9	1246900.0	222794	13910	13850	114	13855	43	2224	308005100
20210421	21:00:10	0	13855	41	5679250.0	222794	13910	13850	109	13855	34	2265	313684350
20210421	21:00:10	500	13850	88	12190550.0	222767	13910	13850	77	13855	2	2353	325874900
20210421	21:00:11	0	13850	67	9281950.0	222780	13910	13850	60	13855	6	2420	335156850
20210421	21:00:11	500	13855	25	3463300.0	222783	13910	13850	56	13855	51	2445	338620150
20210421	21:00:12	0	13855	38	5264700.0	222804	13910	13850	53	13855	33	2483	343884850
20210421	21:00:12	500	13850	31	4294550.0	222810	13910	13850	84	13855	21	2514	348179400
20210421	21:00:13	0	13855	31	4294950.0	222821	13910	13855	36	13860	134	2545	352474350
20210421	21:00:13	500	13855	14	1939800.0	222814	13910	13855	50	13860	140	2559	354414150
20210421	21:00:14	0	13860	156	21621650.0	222928	13910	13860	9	13865	82	2715	376035800
20210421	21:00:14	500	13860	11	1524850.0	222933	13910	13860	69	13865	85	2726	377560650
20210421	21:00:15	0	13865	24	3327000.0	222934	13910	13860	76	13865	73	2750	380887650
20210421	21:00:15	500	13865	113	15666850.0	222947	13910	13860	87	13865	19	2863	396554500
20210421	21:00:16	0	13860	51	7070550.0	222972	13910	13860	137	13865	7	2914	403625050
20210421	21:00:16	500	13865	51	7070650.0	222984	13910	13860	132	13865	44	2965	410695700
20210421	21:00:17	0	13865	25	3465700.0	222977	13910	13860	123	13865	37	2990	414161400
20210421	21:00:17	500	13860	6	831750.0	222975	13910	13860	127	13865	41	2996	414993150
20210421	21:00:18	0	13865	51	7071150.0	222957	13910	13860	142	13865	1	3047	422064300
20210421	21:00:18	500	13865	12	1663850.0	222958	13910	13865	21	13870	81	3059	423728150
20210421	21:00:19	0	13865	30	4160050.0	222961	13910	13865	55	13870	71	3089	427888200
20210421	21:00:19	500	13860	94	13032100.0	222944	13910	13860	123	13865	1	3183	440920300
20210421	21:00:20	0	13860	39	5406950.0	222955	13910	13860	146	13865	29	3222	446327250
20210421	21:00:20	500	13860	108	14972450.0	222915	13910	13860	107	13870	77	3330	461299700
20210421	21:00:21	0	13860	38	5268500.0	222907	13910	13865	1	13870	83	3368	466568200
20210421	21:00:21	500	13870	65	9012550.0	222913	13910	13865	1	13870	78	3433	475580750
20210421	21:00:22	0	13865	28	3882900.0	222927	13910	13865	59	13870	67	3461	479463650
20210421	21:00:22	500	13865	60	8320050.0	222931	13910	13865	73	13870	54	3521	487783700
20210421	21:00:23	0	13865	38	5270000.0	222932	13910	13865	98	13870	24	3559	493053700
20210421	21:00:23	500	13870	39	5409400.0	222933	13910	13870	63	13875	172	3598	498463100
20210421	21:00:24	0	13870	47	6519500.0	222923	13910	13870	88	13875	163	3645	504982600
20210421	21:00:24	500	13875	20	2774700.0	222925	13910	13870	95	13875	155	3665	507757300
20210421	21:00:25	0	13875	163	22616200.0	223051	13910	13875	29	13880	129	3828	530373500
20210421	21:00:25	500	13875	64	8880050.0	223037	13910	13875	9	13880	130	3892	539253550
20210421	21:00:26	0	13875	55	7631200.0	223036	13910	13870	129	13880	133	3947	546884750
20210421	21:00:26	500	13880	42	5828200.0	223050	13910	13875	6	13880	118	3989	552712950
20210421	21:00:27	0	13880	59	8187200.0	223043	13910	13875	44	13880	102	4048	560900150
20210421	21:00:27	500	13875	47	6522500.0	223048	13910	13875	49	13880	81	4095	567422650
20210421	21:00:28	0	13880	35	4856750.0	223031	13910	13875	37	13880	74	4130	572279400
20210421	21:00:28	500	13875	65	9019850.0	223029	13910	13875	19	13880	61	4195	581299250
20210421	21:00:29	0	13880	67	9297600.0	223006	13910	13875	2	13880	54	4262	590596850
20210421	21:00:29	500	13880	33	4579850.0	223015	13910	13875	21	13880	43	4295	595176700
20210421	21:00:30	0	13880	11	1526550.0	223013	13910	13875	22	13880	59	4306	596703250
20210421	21:00:30	500	13880	43	5966700.0	223004	13910	13875	1	13880	61	4349	602669950
20210421	21:00:31	0	13875	36	4995500.0	223003	13910	13870	125	13875	1	4385	607665450
20210421	21:00:31	500	13880	187	25952650.0	222990	13910	13875	51	13885	113	4572	633618100
20210421	21:00:32	0	13880	17	2359250.0	222994	13910	13875	62	13880	7	4589	635977350
20210421	21:00:32	500	13880	38	5274300.0	223008	13910	13875	78	13880	24	4627	641251650
20210421	21:00:33	0	13880	39	5413300.0	223015	13910	13880	5	13885	132	4666	646664950
20210421	21:00:33	500	13880	69	9577500.0	223014	13910	13880	2	13885	128	4735	656242450
20210421	21:00:34	0	13880	37	5136000.0	223030	13910	13880	23	13885	118	4772	661378450
20210421	21:00:34	500	13880	93	12910100.0	223090	13910	13880	49	13885	84	4865	674288550
20210421	21:00:35	0	13885	123	17078050.0	223107	13910	13885	1	13890	150	4988	691366600
20210421	21:00:35	500	13885	18	2499100.0	223107	13910	13880	79	13885	34	5006	693865700
20210421	21:00:36	0	13880	16	2220950.0	223103	13910	13880	76	13885	53	5022	696086650
20210421	21:00:36	500	13880	88	12214350.0	223074	13910	13875	146	13880	2	5110	708301000
20210421	21:00:37	0	13875	102	14158400.0	223089	13910	13875	151	13885	76	5212	722459400
20210421	21:00:37	500	13885	9	1249450.0	223086	13910	13880	12	13885	72	5221	723708850
20210421	21:00:38	0	13875	38	5274400.0	223091	13910	13875	151	13880	30	5259	728983250
20210421	21:00:38	500	13880	63	8744300.0	223070	13910	13880	4	13885	84	5322	737727550
20210421	21:00:39	0	13875	46	6384500.0	223070	13910	13875	156	13880	4	5368	744112050
20210421	21:00:39	500	13880	26	3608700.0	223073	13910	13875	159	13880	27	5394	747720750
20210421	21:00:40	0	13875	34	4718900.0	223074	13910	13875	178	13880	23	5428	752439650
20210421	21:00:40	500	13880	22	3053550.0	223073	13910	13875	179	13880	52	5450	755493200
20210421	21:00:41	0	13880	15	2081500.0	223082	13910	13875	181	13880	56	5465	757574700
20210421	21:00:41	500	13875	19	2636350.0	223085	13910	13875	162	13880	65	5484	760211050
20210421	21:00:42	0	13875	189	26223450.0	223022	13910	13870	103	13875	29	5673	786434500
20210421	21:00:42	500	13875	16	2219900.0	223019	13910	13870	110	13875	51	5689	788654400
20210421	21:00:43	0	13870	5	693600.0	223020	13910	13870	107	13875	51	5694	789348000
20210421	21:00:43	500	13875	12	1664600.0	223021	13910	13870	102	13875	52	5706	791012600
20210421	21:00:44	0	13870	12	1664950.0	223023	13910	13870	103	13875	43	5718	792677550
20210421	21:00:44	500	13870	6	832300.0	223029	13910	13870	113	13875	41	5724	793509850
20210421	21:00:45	0	13875	15	2081250.0	223036	13910	13870	120	13875	28	5739	795591100
20210421	21:00:45	500	13875	16	2219850.0	223043	13910	13870	117	13880	117	5755	797810950
20210421	21:00:46	0	13880	10	1387500.0	223044	13910	13870	120	13880	117	5765	799198450
20210421	21:00:46	500	13880	5	693850.0	223042	13910	13875	2	13880	115	5770	799892300
20210421	21:00:47	0	13880	39	5412650.0	223059	13910	13875	12	13880	87	5809	805304950
20210421	21:00:47	500	13875	13	1803750.0	223057	13910	13875	17	13880	87	5822	807108700
20210421	21:00:48	0	13880	6	832600.0	223061	13910	13875	34	13880	88	5828	807941300
20210421	21:00:48	500	13875	11	1526250.0	223058	13910	13875	29	13880	96	5839	809467550
20210421	21:00:49	0	13875	8	1110000.0	223053	13910	13875	24	13880	101	5847	810577550
20210421	21:00:49	500	13875	29	4023700.0	223036	13910	13870	131	13875	17	5876	814601250
20210421	21:00:50	0	13880	45	6243950.0	223038	13910	13870	136	13880	106	5921	820845200
20210421	21:00:50	500	13880	37	5134150.0	223053	13910	13875	6	13880	103	5958	825979350
20210421	21:00:51	0	13880	61	8463700.0	223067	13910	13875	15	13880	100	6019	834443050
20210421	21:00:51	500	13880	39	5411600.0	223077	13910	13875	1	13880	101	6058	839854650
20210421	21:00:52	0	13875	13	1803650.0	223084	13910	13870	130	13875	1	6071	841658300
20210421	21:00:52	500	13875	8	1110000.0	223086	13910	13870	133	13875	31	6079	842768300
20210421	21:00:53	0	13875	3	416200.0	223087	13910	13870	132	13875	61	6082	843184500
20210421	21:00:53	500	13875	8	1110000.0	223087	13910	13870	135	13875	58	6090	844294500
20210421	21:00:54	0	13875	39	5411250.0	223073	13910	13870	121	13875	21	6129	849705750
20210421	21:00:54	500	13875	43	5966050.0	223079	13910	13870	129	13875	3	6172	855671800
20210421	21:00:55	0	13875	20	2774600.0	223075	13910	13870	121	13880	115	6192	858446400
20210421	21:00:55	500	13870	5	693700.0	223074	13910	13870	121	13875	6	6197	859140100
20210421	21:00:56	0	13875	4	555000.0	223074	13910	13870	123	13875	29	6201	859695100
20210421	21:00:56	500	13875	3	416250.0	223076	13910	13870	123	13875	35	6204	860111350
20210421	21:00:57	0	13870	4	554950.0	223073	13910	13870	122	13875	33	6208	860666300
20210421	21:00:57	500	13875	11	1526000.0	223067	13910	13870	120	13875	40	6219	862192300
20210421	21:00:58	0	13875	5	693650.0	223069	13910	13870	118	13875	42	6224	862885950
20210421	21:00:58	500	13875	47	6521200.0	223044	13910	13870	118	13875	13	6271	869407150
20210421	21:00:59	0	13875	5	693750.0	223049	13910	13870	120	13875	11	6276	870100900
20210421	21:00:59	500	13875	5	693700.0	223047	13910	13870	123	13875	34	6281	870794600
20210421	21:01:00	0	13875	14	1942500.0	223055	13910	13870	140	13875	31	6295	872737100
20210421	21:01:00	500	13870	21	2913000.0	223055	13910	13870	122	13875	23	6316	875650100
20210421	21:01:01	0	13875	70	9711200.0	223081	13910	13870	102	13875	16	6386	885361300
20210421	21:01:01	500	13875	5	693750.0	223076	13910	13870	112	13875	52	6391	886055050
20210421	21:01:02	0	13875	11	1525850.0	223082	13910	13870	115	13875	55	6402	887580900
20210421	21:01:02	500	13875	20	2774100.0	223071	13910	13870	98	13875	72	6422	890355000
20210421	21:01:03	0	13870	119	16505300.0	223074	13910	13865	135	13870	8	6541	906860300
20210421	21:01:03	500	13865	9	1248200.0	223074	13910	13865	138	13870	42	6550	908108500
20210421	21:01:04	0	13870	26	3606150.0	223069	13910	13865	138	13870	23	6576	911714650
20210421	21:01:04	500	13870	39	5409300.0	223086	13910	13870	2	13875	87	6615	917123950
20210421	21:01:05	0	13865	64	8876750.0	223084	13910	13870	10	13875	96	6679	926000700
20210421	21:01:05	500	13870	63	8738150.0	223088	13910	13870	2	13875	96	6742	934738850
20210421	21:01:06	0	13870	42	5825450.0	223082	13910	13870	6	13875	99	6784	940564300
20210421	21:01:06	500	13875	29	4022650.0	223083	13910	13870	2	13875	104	6813	944586950
20210421	21:01:07	0	13870	34	4715900.0	223084	13910	13870	7	13875	103	6847	949302850
20210421	21:01:07	500	13875	26	3606400.0	223104	13910	13865	154	13875	103	6873	952909250
20210421	21:01:08	0	13870	8	1109550.0	223111	13910	13865	155	13870	22	6881	954018800
20210421	21:01:08	500	13870	55	7628500.0	223073	13910	13865	159	13870	17	6936	961647300
20210421	21:01:09	0	13870	36	4993200.0	223057	13910	13865	161	13870	12	6972	966640500
20210421	21:01:09	500	13865	188	26066450.0	223119	13910	13860	105	13865	1	7160	992706950
20210421	21:01:10	0	13865	15	2079750.0	223119	13910	13860	111	13865	17	7175	994786700
20210421	21:01:10	500	13865	28	3882200.0	223125	13910	13860	108	13865	3	7203	998668900
20210421	21:01:11	0	13870	19	2634850.0	223126	13910	13865	62	13870	40	7222	1001303750
20210421	21:01:11	500	13865	6	832100.0	223126	13910	13865	85	13870	41	7228	1002135850
20210421	21:01:12	0	13865	14	1941650.0	223121	13910	13865	96	13870	29	7242	1004077500
20210421	21:01:12	500	13870	6	832200.0	223126	13910	13865	98	13870	28	7248	1004909700
20210421	21:01:13	0	13865	28	3882400.0	223133	13910	13865	75	13870	25	7276	1008792100
20210421	21:01:13	500	13865	3	416000.0	223130	13910	13865	78	13870	48	7279	1009208100
20210421	21:01:14	0	13865	7	970750.0	223131	13910	13865	75	13870	50	7286	1010178850
20210421	21:01:14	500	13865	82	11369300.0	223133	13910	13860	107	13865	5	7368	1021548150
20210421	21:01:15	0	13865	15	2079750.0	223135	13910	13860	108	13865	1	7383	1023627900
20210421	21:01:15	500	13865	4	554600.0	223135	13910	13865	22	13870	62	7387	1024182500
20210421	21:01:16	0	13870	1	138700.0	223136	13910	13865	62	13870	62	7388	1024321200
20210421	21:01:16	500	13865	63	8734950.0	223153	13910	13865	12	13870	63	7451	1033056150
20210421	21:01:17	0	13860	21	2911600.0	223139	13910	13860	125	13865	4	7472	1035967750
20210421	21:01:17	500	13865	20	2773050.0	223145	13910	13865	40	13870	77	7492	1038740800
20210421	21:01:18	0	13865	10	1386650.0	223141	13910	13865	36	13870	79	7502	1040127450
20210421	21:01:18	500	13865	3	415950.0	223141	13910	13865	30	13870	82	7505	1040543400
20210421	21:01:19	0	13860	42	5823250.0	223118	13910	13860	136	13865	1	7547	1046366650
20210421	21:01:19	500	13865	22	3050300.0	223121	13910	13860	136	13865	9	7569	1049416950
20210421	21:01:20	0	13865	28	3882200.0	223135	13910	13865	13	13870	98	7597	1053299150
20210421	21:01:20	500	13865	1	138650.0	223134	13910	13865	63	13870	102	7598	1053437800
20210421	21:01:21	0	13865	41	5684650.0	223132	13910	13865	27	13870	102	7639	1059122450
20210421	21:01:21	500	13865	8	1109200.0	223136	13910	13865	13	13870	102	7647	1060231650
20210421	21:01:22	0	13865	41	5684950.0	223118	13910	13865	12	13870	104	7688	1065916600
20210421	21:01:22	500	13865	31	4298150.0	223139	13910	13865	5	13870	106	7719	1070214750
20210421	21:01:23	0	13870	22	3050450.0	223137	13910	13865	5	13870	103	7741	1073265200
20210421	21:01:23	500	13865	11	1525650.0	223127	13910	13865	62	13870	93	7752	1074790850
20210421	21:01:24	0	13875	99	13731350.0	223124	13910	13870	49	13875	105	7851	1088522200
20210421	21:01:24	500	13875	114	15817150.0	223125	13910	13875	20	13880	113	7965	1104339350
20210421	21:01:25	0	13870	33	4578550.0	223120	13910	13870	53	13875	40	7998	1108917900
20210421	21:01:25	500	13875	13	1803150.0	223108	13910	13870	60	13875	44	8011	1110721050
20210421	21:01:26	0	13870	5	693600.0	223103	13910	13870	58	13875	42	8016	1111414650
20210421	21:01:26	500	13870	5	693500.0	223104	13910	13870	53	13875	42	8021	1112108150
20210421	21:01:27	0	13870	10	1387300.0	223102	13910	13870	46	13875	40	8031	1113495450
20210421	21:01:27	500	13870	11	1525700.0	223094	13910	13870	37	13875	40	8042	1115021150
20210421	21:01:28	0	13870	0	0.0	223094	13910	13870	41	13875	55	8042	1115021150
20210421	21:01:28	500	13870	12	1664950.0	223093	13910	13870	47	13875	47	8054	1116686100
20210421	21:01:29	0	13875	34	4715950.0	223091	13910	13870	21	13875	51	8088	1121402050
20210421	21:01:29	500	13875	10	1387200.0	223092	13910	13870	33	13875	56	8098	1122789250
20210421	21:01:30	0	13870	12	1664500.0	223084	13910	13870	36	13875	60	8110	1124453750
20210421	21:01:30	500	13870	6	832400.0	223082	13910	13870	34	13875	64	8116	1125286150
20210421	21:01:31	0	13875	16	2219950.0	223070	13910	13870	38	13875	50	8132	1127506100
20210421	21:01:31	500	13870	4	554850.0	223071	13910	13870	48	13875	50	8136	1128060950
20210421	21:01:32	0	13875	2	277500.0	223069	13910	13870	59	13875	48	8138	1128338450
20210421	21:01:32	500	13875	3	416250.0	223067	13910	13870	65	13875	46	8141	1128754700
20210421	21:01:33	0	13875	33	4578200.0	223051	13910	13870	67	13875	36	8174	1133332900
20210421	21:01:33	500	13875	7	971000.0	223046	13910	13870	64	13875	45	8181	1134303900
20210421	21:01:34	0	13870	15	2080500.0	223033	13910	13870	49	13875	47	8196	1136384400
20210421	21:01:34	500	13870	1	138700.0	223033	13910	13870	60	13875	62	8197	1136523100
20210421	21:01:35	0	13875	2	277500.0	223032	13910	13870	62	13875	62	8199	1136800600
20210421	21:01:35	500	13875	1	138750.0	223031	13910	13870	68	13875	62	8200	1136939350
20210421	21:01:36	0	13870	12	1664650.0	223034	13910	13870	62	13875	59	8212	1138604000
20210421	21:01:36	500	13870	0	0.0	223034	13910	13870	62	13875	62	8212	1138604000
20210421	21:01:37	0	13875	3	416150.0	223034	13910	13870	65	13875	67	8215	1139020150
20210421	21:01:37	500	13870	15	2080500.0	223037	13910	13870	52	13875	74	8230	1141100650
20210421	21:01:38	0	13875	7	971150.0	223038	13910	13870	45	13875	72	8237	1142071800
20210421	21:01:38	500	13875	4	555000.0	223038	13910	13870	47	13875	71	8241	1142626800
20210421	21:01:39	0	13870	2	277450.0	223038	13910	13870	48	13875	71	8243	1142904250
20210421	21:01:39	500	13870	0	0.0	223038	13910	13870	69	13875	71	8243	1142904250
20210421	21:01:40	0	13870	52	7214700.0	223032	13910	13870	66	13875	31	8295	1150118950
20210421	21:01:40	500	13875	35	4856250.0	223038	13910	13875	13	13880	124	8330	1154975200
20210421	21:01:41	0	13875	42	5826450.0	223062	13910	13870	62	13875	4	8372	1160801650
20210421	21:01:41	500	13875	44	6105000.0	223075	13910	13870	69	13875	22	8416	1166906650
20210421	21:01:42	0	13875	0	0.0	223075	13910	13870	70	13875	48	8416	1166906650
20210421	21:01:42	500	13875	1	138750.0	223075	13910	13870	74	13875	50	8417	1167045400
20210421	21:01:43	0	13875	6	832500.0	223070	13910	13870	70	13875	46	8423	1167877900
20210421	21:01:43	500	13875	46	6382500.0	223086	13910	13870	70	13880	123	8469	1174260400
20210421	21:01:44	0	13875	3	416250.0	223084	13910	13875	30	13880	123	8472	1174676650
20210421	21:01:44	500	13875	42	5827500.0	223097	13910	13870	77	13875	3	8514	1180504150
20210421	21:01:45	0	13875	23	3191250.0	223106	13910	13870	77	13875	21	8537	1183695400
20210421	21:01:45	500	13875	0	0.0	223106	13910	13870	64	13875	35	8537	1183695400
20210421	21:01:46	0	13875	0	0.0	223106	13910	13870	66	13875	36	8537	1183695400
20210421	21:01:46	500	13875	21	2913150.0	223104	13910	13870	59	13875	26	8558	1186608550
20210421	21:01:47	0	13870	3	416150.0	223102	13910	13870	62	13875	26	8561	1187024700
20210421	21:01:47	500	13870	3	416150.0	223102	13910	13870	62	13875	29	8564	1187440850
20210421	21:01:48	0	13875	83	11512350.0	223067	13910	13865	109	13875	32	8647	1198953200
20210421	21:01:48	500	13875	13	1803700.0	223076	13910	13870	7	13875	58	8660	1200756900
20210421	21:01:49	0	13870	2	277400.0	223075	13910	13870	74	13875	69	8662	1201034300
20210421	21:01:49	500	13870	1	138700.0	223075	13910	13870	83	13875	67	8663	1201173000
20210421	21:01:50	0	13870	0	0.0	223075	13910	13870	83	13875	67	8663	1201173000
20210421	21:01:50	500	13875	30	4162500.0	223084	13910	13870	93	13875	41	8693	1205335500
20210421	21:01:51	0	13875	6	832400.0	223081	13910	13870	104	13875	39	8699	1206167900
20210421	21:01:51	500	13875	1	138750.0	223081	13910	13870	106	13875	40	8700	1206306650
20210421	21:01:52	0	13875	0	0.0	223081	13910	13870	106	13875	41	8700	1206306650
20210421	21:01:52	500	13875	2	277500.0	223081	13910	13870	107	13875	41	8702	1206584150
20210421	21:01:53	0	13875	4	555000.0	223077	13910	13870	109	13875	37	8706	1207139150
20210421	21:01:53	500	13875	1	138750.0	223076	13910	13870	120	13875	36	8707	1207277900
20210421	21:01:54	0	13875	10	1387500.0	223074	13910	13870	115	13875	21	8717	1208665400
20210421	21:01:54	500	13870	19	2635600.0	223060	13910	13870	107	13875	16	8736	1211301000
20210421	21:01:55	0	13870	21	2913650.0	223066	13910	13870	110	13875	10	8757	1214214650
20210421	21:01:55	500	13875	14	1942450.0	223063	13910	13870	112	13875	12	8771	1216157100
20210421	21:01:56	0	13875	11	1526250.0	223070	13910	13870	113	13875	2	8782	1217683350
20210421	21:01:56	500	13875	4	555000.0	223071	13910	13875	15	13880	174	8786	1218238350
20210421	21:01:57	0	13875	59	8186250.0	223065	13910	13870	110	13875	1	8845	1226424600
20210421	21:01:57	500	13875	40	5550000.0	223079	13910	13870	112	13875	10	8885	1231974600
20210421	21:01:58	0	13875	2	277450.0	223079	13910	13870	111	13875	27	8887	1232252050
20210421	21:01:58	500	13875	2	277500.0	223078	13910	13870	112	13875	35	8889	1232529550
20210421	21:01:59	0	13875	5	693700.0	223074	13910	13870	108	13875	37	8894	1233223250
20210421	21:01:59	500	13875	2	277500.0	223074	13910	13870	121	13875	36	8896	1233500750
20210421	21:02:00	0	13875	6	832450.0	223074	13910	13870	121	13875	31	8902	1234333200
20210421	21:02:00	500	13870	151	20944050.0	223138	13910	13865	119	13870	2	9053	1255277250
20210421	21:02:01	0	13870	21	2912700.0	223144	13910	13870	1	13875	64	9074	1258189950
20210421	21:02:01	500	13865	53	7351500.0	223122	13910	13865	137	13875	91	9127	1265541450
20210421	21:02:02	0	13865	52	7210150.0	223133	13910	13865	94	13870	4	9179	1272751600
20210421	21:02:02	500	13870	32	4436850.0	223131	13910	13865	74	13870	114	9211	1277188450
20210421	21:02:03	0	13855	298	41308300.0	223105	13910	13855	166	13860	1	9509	1318496750
20210421	21:02:03	500	13860	73	10117650.0	223086	13910	13855	176	13860	15	9582	1328614400
20210421	21:02:04	0	13860	31	4296700.0	223102	13910	13860	35	13865	78	9613	1332911100
20210421	21:02:04	500	13865	4	554600.0	223100	13910	13860	77	13865	75	9617	1333465700
20210421	21:02:05	0	13865	3	415950.0	223098	13910	13860	85	13865	70	9620	1333881650
20210421	21:02:05	500	13865	21	2911600.0	223098	13910	13860	90	13865	47	9641	1336793250
20210421	21:02:06	0	13865	50	6932500.0	223095	13910	13865	48	13870	89	9691	1343725750
20210421	21:02:06	500	13865	1	138650.0	223094	13910	13865	74	13870	91	9692	1343864400
20210421	21:02:07	0	13865	49	6794150.0	223049	13910	13865	35	13870	87	9741	1350658550
20210421	21:02:07	500	13865	16	2218400.0	223051	13910	13865	37	13870	88	9757	1352876950
20210421	21:02:08	0	13865	6	831900.0	223051	13910	13865	40	13870	88	9763	1353708850
20210421	21:02:08	500	13870	3	416050.0	223052	13910	13865	44	13870	88	9766	1354124900
20210421	21:02:09	0	13865	14	1941700.0	223060	13910	13865	47	13870	74	9780	1356066600
20210421	21:02:09	500	13865	8	1109200.0	223053	13910	13865	63	13870	74	9788	1357175800
20210421	21:02:10	0	13870	77	10679950.0	223003	13910	13870	32	13875	106	9865	1367855750
20210421	21:02:10	500	13870	10	1387350.0	223000	13910	13870	42	13875	102	9875	1369243100
20210421	21:02:11	0	13865	45	6241450.0	222988	13910	13865	82	13870	31	9920	1375484550
20210421	21:02:11	500	13875	48	6657700.0	222996	13910	13870	30	13875	108	9968	1382142250
20210421	21:02:12	0	13870	3	416100.0	222998	13910	13870	52	13875	112	9971	1382558350
20210421	21:02:12	500	13870	6	832250.0	223000	13910	13870	75	13875	111	9977	1383390600
20210421	21:02:13	0	13870	2	277450.0	223000	13910	13870	76	13875	111	9979	1383668050
20210421	21:02:13	500	13870	19	2635500.0	223001	13910	13870	61	13875	109	9998	1386303550
20210421	21:02:14	0	13870	2	277400.0	223002	13910	13870	60	13875	122	10000	1386580950
20210421	21:02:14	500	13880	127	17621200.0	222942	13910	13875	69	13880	175	10127	1404202150
20210421	21:02:15	0	13875	8	1110050.0	222935	13910	13875	75	13880	182	10135	1405312200
20210421	21:02:15	500	13875	16	2220100.0	222920	13910	13875	61	13880	181	10151	1407532300
20210421	21:02:16	0	13875	5	693750.0	222916	13910	13875	56	13880	184	10156	1408226050
20210421	21:02:16	500	13880	15	2081300.0	222907	13910	13875	42	13880	183	10171	1410307350
20210421	21:02:17	0	13875	20	2775000.0	222907	13910	13875	22	13880	183	10191	1413082350
20210421	21:02:17	500	13875	39	5411250.0	222906	13910	13870	108	13875	58	10230	1418493600
20210421	21:02:18	0	13875	3	416200.0	222909	13910	13870	109	13875	60	10233	1418909800
20210421	21:02:18	500	13875	3	416200.0	222910	13910	13870	109	13875	77	10236	1419326000
20210421	21:02:19	0	13875	7	971200.0	222914	13910	13870	108	13875	73	10243	1420297200
20210421	21:02:19	500	13875	12	1664500.0	222906	13910	13870	98	13875	70	10255	1421961700
20210421	21:02:20	0	13875	1	138750.0	222906	13910	13870	116	13875	69	10256	1422100450
20210421	21:02:20	500	13875	7	971150.0	222905	13910	13870	115	13875	64	10263	1423071600
20210421	21:02:21	0	13875	5	693550.0	222904	13910	13870	112	13875	65	10268	1423765150
20210421	21:02:21	500	13870	8	1109800.0	222903	13910	13870	110	13875	63	10276	1424874950
20210421	21:02:22	0	13870	2	277450.0	222902	13910	13870	113	13875	63	10278	1425152400
20210421	21:02:22	500	13870	14	1942350.0	222903	13910	13870	111	13875	62	10292	1427094750
20210421	21:02:23	0	13870	17	2358450.0	222899	13910	13870	109	13875	52	10309	1429453200
20210421	21:02:23	500	13870	3	416200.0	222898	13910	13870	108	13875	50	10312	1429869400
20210421	21:02:24	0	13870	4	554800.0	222901	13910	13870	104	13875	58	10316	1430424200
20210421	21:02:24	500	13875	1	138750.0	222901	13910	13870	106	13875	54	10317	1430562950
20210421	21:02:25	0	13875	58	8047500.0	222937	13910	13875	19	13880	177	10375	1438610450
20210421	21:02:25	500	13875	6	832500.0	222937	13910	13875	39	13880	177	10381	1439442950
20210421	21:02:26	0	13875	4	555000.0	222937	13910	13875	40	13880	177	10385	1439997950
20210421	21:02:26	500	13875	10	1387500.0	222934	13910	13875	30	13880	178	10395	1441385450
20210421	21:02:27	0	13875	41	5688750.0	222942	13910	13870	90	13875	22	10436	1447074200
20210421	21:02:27	500	13875	4	554900.0	222945	13910	13870	99	13875	52	10440	1447629100
20210421	21:02:28	0	13875	1	138750.0	222945	13910	13870	92	13875	62	10441	1447767850
20210421	21:02:28	500	13875	31	4301250.0	222925	13910	13870	92	13875	39	10472	1452069100
20210421	21:02:29	0	13875	1	138750.0	222925	13910	13870	94	13875	53	10473	1452207850
20210421	21:02:29	500	13870	3	416200.0	222925	13910	13870	108	13875	56	10476	1452624050
20210421	21:02:30	0	13870	3	416200.0	222925	13910	13870	107	13875	56	10479	1453040250
20210421	21:02:30	500	13875	13	1803750.0	222931	13910	13870	109	13875	45	10492	1454844000
20210421	21:02:31	0	13870	4	554850.0	222931	13910	13870	106	13875	45	10496	1455398850
20210421	21:02:31	500	13870	21	2912700.0	222950	13910	13870	91	13875	72	10517	1458311550
20210421	21:02:32	0	13870	8	1109800.0	222953	13910	13870	88	13875	72	10525	1459421350
20210421	21:02:32	500	13875	4	555000.0	222952	13910	13870	88	13875	69	10529	1459976350
20210421	21:02:33	0	13875	1	138750.0	222952	13910	13870	89	13875	69	10530	1460115100
20210421	21:02:33	500	13870	3	416200.0	222951	13910	13870	88	13875	79	10533	1460531300
20210421	21:02:34	0	13870	4	554900.0	222953	13910	13870	96	13875	83	10537	1461086200
20210421	21:02:34	500	13870	8	1109850.0	222956	13910	13870	97	13875	83	10545	1462196050
20210421	21:02:35	0	13870	2	277400.0	222958	13910	13870	95	13875	83	10547	1462473450
20210421	21:02:35	500	13870	0	0.0	222958	13910	13870	98	13875	84	10547	1462473450
20210421	21:02:36	0	13870	1	138700.0	222959	13910	13870	106	13875	84	10548	1462612150
20210421	21:02:36	500	13870	0	0.0	222959	13910	13870	106	13875	84	10548	1462612150
20210421	21:02:37	0	13875	7	971250.0	222965	13910	13870	90	13875	76	10555	1463583400
20210421	21:02:37	500	13870	3	416100.0	222968	13910	13870	88	13875	78	10558	1463999500
20210421	21:02:38	0	13870	3	416150.0	222969	13910	13870	86	13875	77	10561	1464415650
20210421	21:02:38	500	13875	6	832400.0	222974	13910	13870	85	13875	73	10567	1465248050
20210421	21:02:39	0	13870	4	554950.0	222975	13910	13870	85	13875	75	10571	1465803000
20210421	21:02:39	500	13870	0	0.0	222975	13910	13870	102	13875	80	10571	1465803000
20210421	21:02:40	0	13870	0	0.0	222975	13910	13870	103	13875	80	10571	1465803000
20210421	21:02:40	500	13875	15	2080600.0	222986	13910	13870	91	13875	80	10586	1467883600
20210421	21:02:41	0	13875	14	1942400.0	222995	13910	13870	89	13875	68	10600	1469826000
20210421	21:02:41	500	13875	4	554850.0	222995	13910	13870	91	13875	65	10604	1470380850
20210421	21:02:42	0	13870	8	1109850.0	222996	13910	13870	88	13875	60	10612	1471490700
20210421	21:02:42	500	13870	3	416150.0	222996	13910	13870	86	13875	59	10615	1471906850
20210421	21:02:43	0	13875	10	1387500.0	222995	13910	13870	86	13875	49	10625	1473294350
20210421	21:02:43	500	13870	3	416150.0	222994	13910	13870	85	13875	48	10628	1473710500
20210421	21:02:44	0	13875	8	1109900.0	222994	13910	13870	84	13875	43	10636	1474820400
20210421	21:02:44	500	13875	1	138750.0	222993	13910	13870	85	13875	43	10637	1474959150
20210421	21:02:45	0	13870	1	138700.0	222993	13910	13870	84	13875	47	10638	1475097850
20210421	21:02:45	500	13875	1	138750.0	222993	13910	13870	86	13875	49	10639	1475236600
20210421	21:02:46	0	13870	7	971200.0	222994	13910	13870	88	13875	53	10646	1476207800
20210421	21:02:46	500	13870	0	0.0	222994	13910	13870	87	13875	54	10646	1476207800
20210421	21:02:47	0	13870	3	416200.0	222991	13910	13870	69	13875	52	10649	1476624000
20210421	21:02:47	500	13875	5	693750.0	222992	13910	13870	71	13875	48	10654	1477317750
20210421	21:02:48	0	13870	1	138700.0	222991	13910	13870	72	13875	50	10655	1477456450
20210421	21:02:48	500	13875	22	3052500.0	223003	13910	13870	74	13875	30	10677	1480508950
20210421	21:02:49	0	13875	33	4578750.0	223021	13910	13875	32	13880	216	10710	1485087700
20210421	21:02:49	500	13875	52	7215000.0	222998	13910	13870	125	13875	24	10762	1492302700
20210421	21:02:50	0	13870	5	693700.0	223000	13910	13870	128	13875	32	10767	1492996400
20210421	21:02:50	500	13875	2	277500.0	223001	13910	13870	129	13875	36	10769	1493273900
20210421	21:02:51	0	13875	0	0.0	223001	13910	13870	134	13875	36	10769	1493273900
20210421	21:02:51	500	13875	1	138750.0	223002	13910	13870	134	13875	38	10770	1493412650
20210421	21:02:52	0	13875	6	832450.0	223006	13910	13870	133	13875	34	10776	1494245100
20210421	21:02:52	500	13875	5	693750.0	223006	13910	13870	135	13875	29	10781	1494938850
20210421	21:02:53	0	13875	1	138750.0	223005	13910	13870	145	13875	21	10782	1495077600
20210421	21:02:53	500	13875	16	2219750.0	223000	13910	13870	140	13875	9	10798	1497297350
20210421	21:02:54	0	13875	27	3746150.0	222996	13910	13870	139	13875	16	10825	1501043500
20210421	21:02:54	500	13875	26	3607500.0	222995	13910	13870	141	13875	27	10851	1504651000
20210421	21:02:55	0	13875	0	0.0	222995	13910	13870	141	13875	41	10851	1504651000
20210421	21:02:55	500	13875	8	1109900.0	223001	13910	13870	140	13875	37	10859	1505760900
20210421	21:02:56	0	13870	2	277450.0	223002	13910	13870	140	13875	38	10861	1506038350
20210421	21:02:56	500	13875	15	2081150.0	223017	13910	13870	142	13875	28	10876	1508119500
20210421	21:02:57	0	13870	2	277400.0	223018	13910	13870	122	13875	22	10878	1508396900
20210421	21:02:57	500	13875	1	138750.0	223018	13910	13870	123	13875	49	10879	1508535650
20210421	21:02:58	0	13875	2	277500.0	223019	13910	13870	124	13875	51	10881	1508813150
20210421	21:02:58	500	13875	5	693750.0	223023	13910	13870	140	13875	46	10886	1509506900
20210421	21:02:59	0	13880	53	7353850.0	223058	13910	13875	18	13880	210	10939	1516860750
20210421	21:02:59	500	13875	10	1387500.0	223055	13910	13875	68	13880	213	10949	1518248250
20210421	21:03:00	0	13875	6	832500.0	223050	13910	13875	77	13880	216	10955	1519080750
20210421	21:03:00	500	13880	1	138800.0	223051	13910	13875	80	13880	211	10956	1519219550
20210421	21:03:01	0	13875	3	416300.0	223050	13910	13875	80	13880	209	10959	1519635850
20210421	21:03:01	500	13875	1	138750.0	223050	13910	13875	81	13880	210	10960	1519774600
20210421	21:03:02	0	13880	3	416300.0	223048	13910	13875	72	13880	210	10963	1520190900
20210421	21:03:02	500	13880	1	138800.0	223048	13910	13875	86	13880	229	10964	1520329700
20210421	21:03:03	0	13880	3	416350.0	223046	13910	13875	90	13880	227	10967	1520746050
20210421	21:03:03	500	13880	4	555200.0	223044	13910	13875	94	13880	223	10971	1521301250
20210421	21:03:04	0	13875	9	1248800.0	223036	13910	13875	87	13880	222	10980	1522550050
20210421	21:03:04	500	13880	223	30952400.0	223095	13910	13880	28	13885	111	11203	1553502450
20210421	21:03:05	0	13880	78	10826300.0	223099	13910	13875	84	13885	112	11281	1564328750
20210421	21:03:05	500	13880	11	1526800.0	223109	13910	13875	107	13880	15	11292	1565855550
20210421	21:03:06	0	13880	2	277600.0	223109	13910	13875	111	13880	16	11294	1566133150
20210421	21:03:06	500	13880	3	416400.0	223109	13910	13875	114	13880	17	11297	1566549550
20210421	21:03:07	0	13880	11	1526300.0	223100	13910	13875	105	13880	18	11308	1568075850
20210421	21:03:07	500	13880	3	416400.0	223103	13910	13875	134	13880	28	11311	1568492250
20210421	21:03:08	0	13885	35	4858250.0	223108	13910	13880	18	13885	113	11346	1573350500
20210421	21:03:08	500	13880	1	138800.0	223107	13910	13880	83	13885	115	11347	1573489300
20210421	21:03:09	0	13880	2	277600.0	223106	13910	13880	104	13885	110	11349	1573766900
20210421	21:03:09	500	13880	37	5135650.0	223097	13910	13880	74	13885	110	11386	1578902550
20210421	21:03:10	0	13885	13	1805000.0	223102	13910	13880	79	13885	98	11399	1580707550
20210421	21:03:10	500	13880	39	5413500.0	223094	13910	13880	55	13885	91	11438	1586121050
20210421	21:03:11	0	13880	0	0.0	223094	13910	13880	56	13885	91	11438	1586121050
20210421	21:03:11	500	13880	6	832800.0	223100	13910	13880	53	13885	94	11444	1586953850
20210421	21:03:12	0	13880	62	8605600.0	223070	13910	13875	124	13880	47	11506	1595559450
20210421	21:03:12	500	13880	7	971600.0	223065	13910	13875	128	13880	48	11513	1596531050
20210421	21:03:13	0	13880	9	1249200.0	223056	13910	13875	127	13880	79	11522	1597780250
20210421	21:03:13	500	13880	2	277600.0	223054	13910	13875	127	13880	89	11524	1598057850
20210421	21:03:14	0	13880	7	971600.0	223051	13910	13875	119	13880	82	11531	1599029450
20210421	21:03:14	500	13880	4	555200.0	223050	13910	13875	120	13880	110	11535	1599584650
20210421	21:03:15	0	13875	175	24281250.0	223040	13910	13875	5	13880	121	11710	1623865900
20210421	21:03:15	500	13875	32	4439900.0	223026	13910	13870	121	13875	94	11742	1628305800
20210421	21:03:16	0	13875	162	22470150.0	222975	13910	13865	90	13875	85	11904	1650775950
20210421	21:03:16	500	13875	42	5827300.0	222962	13910	13870	54	13875	51	11946	1656603250
20210421	21:03:17	0	13875	1	138750.0	222962	13910	13870	88	13875	57	11947	1656742000
20210421	21:03:17	500	13875	4	555000.0	222961	13910	13870	92	13875	54	11951	1657297000
20210421	21:03:18	0	13875	23	3190650.0	222974	13910	13870	81	13875	40	11974	1660487650
20210421	21:03:18	500	13875	1	138750.0	222975	13910	13870	81	13875	47	11975	1660626400
20210421	21:03:19	0	13870	13	1803400.0	222974	13910	13870	77	13875	43	11988	1662429800
20210421	21:03:19	500	13875	10	1387300.0	222977	13910	13870	73	13875	40	11998	1663817100
20210421	21:03:20	0	13870	5	693550.0	222975	13910	13870	70	13875	39	12003	1664510650
20210421	21:03:20	500	13875	14	1942150.0	222979	13910	13870	71	13875	33	12017	1666452800
20210421	21:03:21	0	13875	3	416200.0	222981	13910	13870	71	13875	34	12020	1666869000
20210421	21:03:21	500	13870	2	277400.0	222981	13910	13870	71	13875	46	12022	1667146400
20210421	21:03:22	0	13875	13	1803500.0	222977	13910	13870	67	13875	39	12035	1668949900
20210421	21:03:22	500	13875	13	1803550.0	222974	13910	13870	65	13875	35	12048	1670753450
20210421	21:03:23	0	13875	4	554900.0	222973	13910	13870	71	13875	35	12052	1671308350
20210421	21:03:23	500	13875	15	2081150.0	222971	13910	13870	72	13875	26	12067	1673389500
20210421	21:03:24	0	13870	13	1803250.0	222967	13910	13870	100	13875	26	12080	1675192750
20210421	21:03:24	500	13875	16	2219700.0	222974	13910	13870	107	13875	18	12096	1677412450
20210421	21:03:25	0	13875	29	4023850.0	222969	13910	13875	16	13880	141	12125	1681436300
20210421	21:03:25	500	13875	12	1665250.0	222980	13910	13875	33	13880	137	12137	1683101550
20210421	21:03:26	0	13875	9	1248800.0	222989	13910	13875	38	13880	137	12146	1684350350
20210421	21:03:26	500	13880	5	693800.0	222993	13910	13875	39	13880	136	12151	1685044150
20210421	21:03:27	0	13875	1	138750.0	222994	13910	13875	38	13880	139	12152	1685182900
20210421	21:03:27	500	13875	10	1387500.0	222990	13910	13875	28	13880	139	12162	1686570400
20210421	21:03:28	0	13875	27	3746250.0	222984	13910	13870	121	13875	10	12189	1690316650
20210421	21:03:28	500	13870	3	416200.0	222983	13910	13870	121	13875	56	12192	1690732850
20210421	21:03:29	0	13875	3	416200.0	222983	13910	13870	119	13875	59	12195	1691149050
20210421	21:03:29	500	13870	12	1664450.0	222984	13910	13870	111	13875	61	12207	1692813500
20210421	21:03:30	0	13875	3	416250.0	222981	13910	13870	114	13875	58	12210	1693229750
20210421	21:03:30	500	13875	2	277450.0	222982	13910	13870	117	13875	57	12212	1693507200
20210421	21:03:31	0	13870	6	832350.0	222985	13910	13870	114	13875	55	12218	1694339550
20210421	21:03:31	500	13875	4	554900.0	222986	13910	13870	114	13875	59	12222	1694894450
20210421	21:03:32	0	13870	2	277400.0	222987	13910	13870	113	13875	57	12224	1695171850
20210421	21:03:32	500	13870	3	416150.0	222986	13910	13870	113	13875	56	12227	1695588000
20210421	21:03:33	0	13875	3	416150.0	222986	13910	13870	111	13875	60	12230	1696004150
20210421	21:03:33	500	13875	4	554900.0	222987	13910	13870	111	13875	62	12234	1696559050
20210421	21:03:34	0	13870	3	416150.0	222989	13910	13870	119	13875	60	12237	1696975200
20210421	21:03:34	500	13875	8	1109950.0	222988	13910	13870	120	13875	54	12245	1698085150
20210421	21:03:35	0	13875	2	277450.0	222988	13910	13870	119	13875	63	12247	1698362600
20210421	21:03:35	500	13875	1	138750.0	222987	13910	13870	120	13875	65	12248	1698501350
20210421	21:03:36	0	13875	4	554900.0	222989	13910	13870	118	13875	68	12252	1699056250
20210421	21:03:36	500	13875	0	0.0	222989	13910	13870	121	13875	68	12252	1699056250
20210421	21:03:37	0	13870	12	1664400.0	222987	13910	13870	113	13875	69	12264	1700720650
20210421	21:03:37	500	13875	7	971200.0	222987	13910	13870	116	13875	69	12271	1701691850
20210421	21:03:38	0	13875	8	1109900.0	222992	13910	13870	114	13875	66	12279	1702801750
20210421	21:03:38	500	13870	6	832300.0	222995	13910	13870	110	13875	66	12285	1703634050
20210421	21:03:39	0	13870	2	277400.0	222996	13910	13870	109	13875	82	12287	1703911450
20210421	21:03:39	500	13870	192	26630400.0	222998	13910	13865	115	13875	87	12479	1730541850
20210421	21:03:40	0	13870	4	554800.0	222998	13910	13865	117	13870	1	12483	1731096650
20210421	21:03:40	500	13870	36	4993050.0	222999	13910	13865	115	13870	21	12519	1736089700
20210421	21:03:41	0	13870	2	277400.0	222999	13910	13865	116	13870	41	12521	1736367100
20210421	21:03:41	500	13870	1	138700.0	222999	13910	13865	118	13870	49	12522	1736505800
20210421	21:03:42	0	13870	3	416050.0	223000	13910	13865	117	13870	52	12525	1736921850
20210421	21:03:42	500	13870	0	0.0	223000	13910	13865	121	13870	72	12525	1736921850
20210421	21:03:43	0	13870	0	0.0	223000	13910	13865	121	13870	73	12525	1736921850
20210421	21:03:43	500	13865	1	138650.0	223000	13910	13865	123	13870	74	12526	1737060500
20210421	21:03:44	0	13870	4	554750.0	222998	13910	13865	124	13870	71	12530	1737615250
20210421	21:03:44	500	13870	0	0.0	222998	13910	13865	124	13870	72	12530	1737615250
20210421	21:03:45	0	13870	2	277400.0	222997	13910	13865	126	13870	74	12532	1737892650
20210421	21:03:45	500	13870	30	4161000.0	223011	13910	13865	126	13870	44	12562	1742053650
20210421	21:03:46	0	13870	45	6241400.0	222993	13910	13870	20	13875	104	12607	1748295050
20210421	21:03:46	500	13870	31	4299700.0	222966	13910	13865	125	13870	13	12638	1752594750
20210421	21:03:47	0	13870	25	3467500.0	222961	13910	13865	126	13870	39	12663	1756062250
20210421	21:03:47	500	13865	2	277300.0	222962	13910	13865	124	13870	50	12665	1756339550
20210421	21:03:48	0	13865	0	0.0	222962	13910	13865	125	13870	53	12665	1756339550
20210421	21:03:48	500	13865	0	0.0	222962	13910	13865	125	13870	55	12665	1756339550
20210421	21:03:49	0	13870	3	416100.0	222960	13910	13865	128	13870	52	12668	1756755650
20210421	21:03:49	500	13870	0	0.0	222960	13910	13865	129	13870	44	12668	1756755650
20210421	21:03:50	0	13865	2	277300.0	222960	13910	13865	128	13870	57	12670	1757032950
20210421	21:03:50	500	13865	1	138650.0	222960	13910	13865	127	13870	58	12671	1757171600
20210421	21:03:51	0	13865	7	970600.0	222959	13910	13865	123	13870	60	12678	1758142200
20210421	21:03:51	500	13865	10	1386950.0	222960	13910	13865	122	13870	51	12688	1759529150
20210421	21:03:52	0	13865	1	138650.0	222961	13910	13865	121	13870	52	12689	1759667800
20210421	21:03:52	500	13865	0	0.0	222961	13910	13865	123	13870	53	12689	1759667800
20210421	21:03:53	0	13870	1	138700.0	222961	13910	13865	125	13870	55	12690	1759806500
20210421	21:03:53	500	13870	2	277350.0	222962	13910	13865	127	13870	55	12692	1760083850
20210421	21:03:54	0	13870	2	277400.0	222962	13910	13865	138	13870	58	12694	1760361250
20210421	21:03:54	500	13865	1	138650.0	222962	13910	13865	140	13870	56	12695	1760499900
20210421	21:03:55	0	13870	1	138700.0	222961	13910	13865	148	13870	60	12696	1760638600
20210421	21:03:55	500	13865	110	15251500.0	222924	13910	13865	40	13870	75	12806	1775890100
20210421	21:03:56	0	13865	59	8180150.0	222925	13910	13860	156	13865	170	12865	1784070250
20210421	21:03:56	500	13865	22	3049600.0	222943	13910	13860	143	13865	145	12887	1787119850
20210421	21:03:57	0	13860	38	5268650.0	222962	13910	13860	143	13865	115	12925	1792388500
20210421	21:03:57	500	13865	11	1524950.0	222965	13910	13860	139	13865	107	12936	1793913450
20210421	21:03:58	0	13860	2	277250.0	222965	13910	13860	138	13865	106	12938	1794190700
20210421	21:03:58	500	13860	3	415900.0	222965	13910	13860	138	13865	103	12941	1794606600
20210421	21:03:59	0	13860	1	138600.0	222965	13910	13860	139	13865	104	12942	1794745200
20210421	21:03:59	500	13865	1	138650.0	222965	13910	13860	140	13865	105	12943	1794883850
20210421	21:04:00	0	13865	14	1940700.0	222968	13910	13860	132	13865	99	12957	1796824550
20210421	21:04:00	500	13860	3	415850.0	222970	13910	13860	130	13865	98	12960	1797240400
20210421	21:04:01	0	13860	6	831650.0	222972	13910	13860	126	13865	105	12966	1798072050
20210421	21:04:01	500	13860	7	970500.0	222976	13910	13860	125	13865	95	12973	1799042550
20210421	21:04:02	0	13865	4	554500.0	222974	13910	13860	139	13865	97	12977	1799597050
20210421	21:04:02	500	13865	0	0.0	222974	13910	13860	143	13865	102	12977	1799597050
20210421	21:04:03	0	13865	4	554550.0	222972	13910	13860	142	13865	99	12981	1800151600
20210421	21:04:03	500	13860	17	2356200.0	222974	13910	13860	127	13865	101	12998	1802507800
20210421	21:04:04	0	13860	2	277200.0	222974	13910	13860	126	13865	104	13000	1802785000
20210421	21:04:04	500	13860	4	554500.0	222972	13910	13860	125	13865	102	13004	1803339500
20210421	21:04:05	0	13865	6	831850.0	222970	13910	13860	124	13865	98	13010	1804171350
20210421	21:04:05	500	13860	6	831600.0	222966	13910	13860	118	13865	99	13016	1805002950
20210421	21:04:06	0	13865	5	693150.0	222964	13910	13860	119	13865	96	13021	1805696100
20210421	21:04:06	500	13865	13	1802400.0	222953	13910	13860	119	13865	84	13034	1807498500
20210421	21:04:07	0	13860	5	693150.0	222951	13910	13860	119	13865	85	13039	1808191650
20210421	21:04:07	500	13860	5	693100.0	222949	13910	13860	117	13865	84	13044	1808884750
20210421	21:04:08	0	13860	8	1108800.0	222948	13910	13860	111	13865	87	13052	1809993550
20210421	21:04:08	500	13860	0	0.0	222948	13910	13860	111	13865	87	13052	1809993550
20210421	21:04:09	0	13865	1	138650.0	222948	13910	13860	111	13865	88	13053	1810132200
20210421	21:04:09	500	13865	2	277300.0	222948	13910	13860	117	13865	88	13055	1810409500
20210421	21:04:10	0	13865	0	0.0	222948	13910	13860	117	13865	89	13055	1810409500
20210421	21:04:10	500	13860	7	970250.0	222948	13910	13860	144	13865	119	13062	1811379750
20210421	21:04:11	0	13860	0	0.0	222948	13910	13860	146	13865	120	13062	1811379750
20210421	21:04:11	500	13860	0	0.0	222948	13910	13860	146	13865	120	13062	1811379750
20210421	21:04:12	0	13860	2	277200.0	222948	13910	13860	142	13865	121	13064	1811656950
20210421	21:04:12	500	13860	5	693000.0	222949	13910	13860	138	13865	133	13069	1812349950
20210421	21:04:13	0	13860	5	693100.0	222948	13910	13860	136	13865	131	13074	1813043050
20210421	21:04:13	500	13860	17	2356200.0	222955	13910	13860	119	13865	131	13091	1815399250
20210421	21:04:14	0	13860	12	1663200.0	222953	13910	13860	114	13865	131	13103	1817062450
20210421	21:04:14	500	13865	1	138650.0	222953	13910	13860	116	13865	135	13104	1817201100
20210421	21:04:15	0	13865	1	138650.0	222953	13910	13860	115	13865	135	13105	1817339750
20210421	21:04:15	500	13860	2	277250.0	222954	13910	13860	115	13865	134	13107	1817617000
20210421	21:04:16	0	13865	2	277250.0	222954	13910	13860	115	13865	133	13109	1817894250
20210421	21:04:16	500	13860	6	831700.0	222955	13910	13860	113	13865	131	13115	1818725950
20210421	21:04:17	0	13860	5	693000.0	222953	13910	13860	112	13865	131	13120	1819418950
20210421	21:04:17	500	13860	0	0.0	222953	13910	13860	115	13865	131	13120	1819418950
20210421	21:04:18	0	13860	10	1386100.0	222947	13910	13860	108	13865	131	13130	1820805050
20210421	21:04:18	500	13860	109	15107400.0	222921	13910	13855	212	13860	11	13239	1835912450
20210421	21:04:19	0	13860	22	3049100.0	222905	13910	13855	217	13860	58	13261	1838961550
20210421	21:04:19	500	13860	13	1801750.0	222900	13910	13855	215	13860	70	13274	1840763300
20210421	21:04:20	0	13860	6	831350.0	222900	13910	13855	209	13860	69	13280	1841594650
20210421	21:04:20	500	13860	5	693000.0	222902	13910	13855	209	13860	65	13285	1842287650
20210421	21:04:21	0	13860	2	277150.0	222901	13910	13855	210	13860	67	13287	1842564800
20210421	21:04:21	500	13860	20	2772000.0	222904	13910	13855	210	13860	49	13307	1845336800
20210421	21:04:22	0	13855	17	2356150.0	222911	13910	13855	211	13860	44	13324	1847692950
20210421	21:04:22	500	13860	25	3464400.0	222910	13910	13855	208	13860	33	13349	1851157350
20210421	21:04:23	0	13860	34	4712400.0	222905	13910	13860	48	13865	109	13383	1855869750
20210421	21:04:23	500	13860	11	1524600.0	222914	13910	13860	60	13865	109	13394	1857394350
20210421	21:04:24	0	13860	35	4851000.0	222880	13910	13860	42	13865	110	13429	1862245350
20210421	21:04:24	500	13860	9	1247400.0	222877	13910	13860	43	13865	111	13438	1863492750
20210421	21:04:25	0	13860	4	554400.0	222877	13910	13860	54	13865	111	13442	1864047150
20210421	21:04:25	500	13860	2	277200.0	222877	13910	13860	58	13865	112	13444	1864324350
20210421	21:04:26	0	13860	0	0.0	222877	13910	13860	59	13865	111	13444	1864324350
20210421	21:04:26	500	13860	11	1524600.0	222875	13910	13860	53	13865	111	13455	1865848950
20210421	21:04:27	0	13860	4	554450.0	222876	13910	13860	53	13865	113	13459	1866403400
20210421	21:04:27	500	13860	1	138600.0	222875	13910	13860	52	13865	117	13460	1866542000
20210421	21:04:28	0	13860	54	7484400.0	222844	13910	13855	213	13860	70	13514	1874026400
20210421	21:04:28	500	13860	1	138600.0	222844	13910	13855	221	13860	91	13515	1874165000
20210421	21:04:29	0	13855	4	554300.0	222841	13910	13855	219	13860	91	13519	1874719300
20210421	21:04:29	500	13860	13	1801800.0	222828	13910	13855	219	13860	78	13532	1876521100
20210421	21:04:30	0	13855	2	277150.0	222827	13910	13855	218	13860	76	13534	1876798250
20210421	21:04:30	500	13855	5	692850.0	222827	13910	13855	217	13860	77	13539	1877491100
20210421	21:04:31	0	13855	9	1246950.0	222820	13910	13855	208	13860	88	13548	1878738050
20210421	21:04:31	500	13855	6	831400.0	222816	13910	13855	204	13860	87	13554	1879569450
20210421	21:04:32	0	13855	11	1524350.0	222817	13910	13855	199	13860	81	13565	1881093800
20210421	21:04:32	500	13860	1	138600.0	222817	13910	13855	200	13860	84	13566	1881232400
20210421	21:04:33	0	13855	4	554300.0	222815	13910	13855	199	13860	88	13570	1881786700
20210421	21:04:33	500	13855	4	554350.0	222814	13910	13855	199	13860	89	13574	1882341050
20210421	21:04:34	0	13855	18	2493900.0	222816	13910	13855	181	13860	89	13592	1884834950
20210421	21:04:34	500	13855	1	138550.0	222816	13910	13855	181	13860	86	13593	1884973500
20210421	21:04:35	0	13860	2	277150.0	222816	13910	13855	181	13860	85	13595	1885250650
20210421	21:04:35	500	13860	4	554250.0	222816	13910	13855	178	13860	109	13599	1885804900
20210421	21:04:36	0	13860	4	554350.0	222816	13910	13855	179	13860	113	13603	1886359250
20210421	21:04:36	500	13860	16	2217150.0	222810	13910	13855	171	13860	110	13619	1888576400
20210421	21:04:37	0	13855	50	6927500.0	222799	13910	13855	121	13860	120	13669	1895503900
20210421	21:04:37	500	13855	145	20089750.0	222808	13910	13850	187	13855	34	13814	1915593650
20210421	21:04:38	0	13855	6	831100.0	222809	13910	13850	189	13855	89	13820	1916424750
20210421	21:04:38	500	13855	16	2216700.0	222811	13910	13850	187	13855	79	13836	1918641450
20210421	21:04:39	0	13850	1	138500.0	222812	13910	13850	185	13855	80	13837	1918779950
20210421	21:04:39	500	13850	35	4847950.0	222797	13910	13850	160	13855	80	13872	1923627900
20210421	21:04:40	0	13855	4	554150.0	222798	13910	13850	161	13855	82	13876	1924182050
20210421	21:04:40	500	13850	14	1939600.0	222803	13910	13850	158	13855	73	13890	1926121650
20210421	21:04:41	0	13855	3	415650.0	222803	13910	13850	158	13855	73	13893	1926537300
20210421	21:04:41	500	13850	10	1385400.0	222805	13910	13850	158	13855	67	13903	1927922700
20210421	21:04:42	0	13855	75	10391300.0	222813	13910	13855	53	13860	163	13978	1938314000
20210421	21:04:42	500	13855	29	4017950.0	222785	13910	13855	46	13860	143	14007	1942331950
20210421	21:04:43	0	13855	8	1108400.0	222784	13910	13855	39	13860	178	14015	1943440350
20210421	21:04:43	500	13855	18	2493900.0	222800	13910	13855	25	13860	197	14033	1945934250
20210421	21:04:44	0	13855	29	4017950.0	222793	13910	13850	169	13855	44	14062	1949952200
20210421	21:04:44	500	13850	73	10113800.0	222751	13910	13850	164	13855	6	14135	1960066000
20210421	21:04:45	0	13855	46	6373350.0	222753	13910	13855	13	13860	197	14181	1966439350
20210421	21:04:45	500	13855	39	5403450.0	222732	13910	13855	27	13860	198	14220	1971842800
20210421	21:04:46	0	13855	24	3325200.0	222727	13910	13855	25	13860	203	14244	1975168000
20210421	21:04:46	500	13855	4	554200.0	222726	13910	13855	52	13860	202	14248	1975722200
20210421	21:04:47	0	13855	6	831300.0	222724	13910	13855	55	13860	200	14254	1976553500
20210421	21:04:47	500	13860	20	2771100.0	222725	13910	13855	37	13860	221	14274	1979324600
20210421	21:04:48	0	13855	17	2355350.0	222729	13910	13855	30	13860	222	14291	1981679950
20210421	21:04:48	500	13855	0	0.0	222729	13910	13855	44	13860	221	14291	1981679950
20210421	21:04:49	0	13855	2	277100.0	222729	13910	13855	89	13860	223	14293	1981957050
20210421	21:04:49	500	13855	6	831400.0	222727	13910	13855	89	13860	219	14299	1982788450
20210421	21:04:50	0	13855	2	277100.0	222727	13910	13855	87	13860	219	14301	1983065550
20210421	21:04:50	500	13855	2	277100.0	222727	13910	13855	95	13860	222	14303	1983342650
20210421	21:04:51	0	13855	7	969950.0	222726	13910	13855	91	13860	221	14310	1984312600
20210421	21:04:51	500	13855	2	277100.0	222726	13910	13855	110	13860	222	14312	1984589700
20210421	21:04:52	0	13860	221	30630600.0	222746	13910	13860	52	13865	108	14533	2015220300
20210421	21:04:52	500	13865	15	2079650.0	222745	13910	13860	85	13865	95	14548	2017299950
20210421	21:04:53	0	13860	7	970300.0	222739	13910	13860	92	13865	97	14555	2018270250
20210421	21:04:53	500	13860	3	415800.0	222738	13910	13860	90	13865	97	14558	2018686050
20210421	21:04:54	0	13860	6	831600.0	222732	13910	13860	85	13865	97	14564	2019517650
20210421	21:04:54	500	13860	6	831600.0	222726	13910	13860	79	13865	97	14570	2020349250
20210421	21:04:55	0	13860	7	970400.0	222722	13910	13860	75	13865	93	14577	2021319650
20210421	21:04:55	500	13860	0	0.0	222722	13910	13860	76	13865	93	14577	2021319650
20210421	21:04:56	0	13860	2	277200.0	222720	13910	13860	76	13865	67	14579	2021596850
20210421	21:04:56	500	13860	4	554400.0	222718	13910	13860	72	13865	68	14583	2022151250
20210421	21:04:57	0	13860	1	138600.0	222717	13910	13860	71	13865	70	14584	2022289850
20210421	21:04:57	500	13860	12	1663200.0	222717	13910	13860	61	13865	70	14596	2023953050
20210421	21:04:58	0	13860	5	693050.0	222717	13910	13860	77	13865	73	14601	2024646100
20210421	21:04:58	500	13865	2	277250.0	222717	13910	13860	77	13865	73	14603	2024923350
20210421	21:04:59	0	13860	1	138600.0	222717	13910	13860	77	13865	73	14604	2025061950
20210421	21:04:59	500	13860	1	138600.0	222717	13910	13860	78	13865	74	14605	2025200550
20210421	21:05:00	0	13860	10	1386000.0	222716	13910	13860	69	13865	74	14615	2026586550
20210421	21:05:00	500	13865	10	1386050.0	222714	13910	13860	61	13865	74	14625	2027972600
20210421	21:05:01	0	13860	3	415800.0	222711	13910	13860	61	13865	74	14628	2028388400
20210421	21:05:01	500	13865	7	970250.0	222706	13910	13860	55	13865	79	14635	2029358650
20210421	21:05:02	0	13860	6	831700.0	222704	13910	13860	54	13865	92	14641	2030190350
20210421	21:05:02	500	13860	59	8177400.0	222718	13910	13855	184	13860	29	14700	2038367750
20210421	21:05:03	0	13860	58	8038750.0	222732	13910	13855	188	13860	19	14758	2046406500
20210421	21:05:03	500	13860	21	2910600.0	222730	13910	13860	41	13865	93	14779	2049317100
20210421	21:05:04	0	13860	2	277200.0	222730	13910	13860	46	13865	94	14781	2049594300
20210421	21:05:04	500	13860	0	0.0	222730	13910	13860	48	13865	94	14781	2049594300
20210421	21:05:05	0	13865	1	138650.0	222730	13910	13860	48	13865	94	14782	2049732950
20210421	21:05:05	500	13865	2	277300.0	222731	13910	13860	52	13865	93	14784	2050010250
20210421	21:05:06	0	13860	2	277200.0	222731	13910	13860	51	13865	85	14786	2050287450
20210421	21:05:06	500	13865	6	831700.0	222736	13910	13860	74	13865	84	14792	2051119150
20210421	21:05:07	0	13865	1	138650.0	222735	13910	13860	89	13865	82	14793	2051257800
20210421	21:05:07	500	13865	88	12201200.0	222711	13910	13865	36	13870	83	14881	2063459000
20210421	21:05:08	0	13865	6	831900.0	222707	13910	13865	127	13870	84	14887	2064290900
20210421	21:05:08	500	13865	0	0.0	222707	13910	13865	154	13870	83	14887	2064290900
20210421	21:05:09	0	13865	9	1248250.0	222699	13910	13865	146	13870	76	14896	2065539150
20210421	21:05:09	500	13870	7	970800.0	222696	13910	13865	196	13870	71	14903	2066509950
20210421	21:05:10	0	13870	76	10541150.0	222685	13910	13870	26	13875	126	14979	2077051100
20210421	21:05:10	500	13870	4	554900.0	222686	13910	13870	145	13875	123	14983	2077606000
20210421	21:05:11	0	13875	2	277500.0	222685	13910	13870	149	13875	117	14985	2077883500
20210421	21:05:11	500	13870	4	554850.0	222686	13910	13870	147	13875	116	14989	2078438350
20210421	21:05:12	0	13870	5	693550.0	222690	13910	13870	144	13875	115	14994	2079131900
20210421	21:05:12	500	13870	3	416100.0	222690	13910	13870	143	13875	117	14997	2079548000
20210421	21:05:13	0	13870	1	138700.0	222689	13910	13870	146	13875	119	14998	2079686700
20210421	21:05:13	500	13875	3	416150.0	222689	13910	13870	145	13875	107	15001	2080102850
20210421	21:05:14	0	13870	138	19147300.0	222734	13910	13870	155	13875	3	15139	2099250150
20210421	21:05:14	500	13875	13	1803750.0	222730	13910	13875	56	13880	91	15152	2101053900
20210421	21:05:15	0	13875	103	14291400.0	222712	13910	13875	40	13880	96	15255	2115345300
20210421	21:05:15	500	13875	21	2913750.0	222695	13910	13875	23	13880	104	15276	2118259050
20210421	21:05:16	0	13875	42	5827500.0	222701	13910	13875	6	13880	106	15318	2124086550
20210421	21:05:16	500	13875	28	3885000.0	222713	13910	13870	86	13875	6	15346	2127971550
20210421	21:05:17	0	13880	39	5412250.0	222705	13910	13875	43	13880	82	15385	2133383800
20210421	21:05:17	500	13875	5	693800.0	222707	13910	13875	59	13880	92	15390	2134077600
20210421	21:05:18	0	13870	148	20535000.0	222664	13910	13870	85	13875	1	15538	2154612600
20210421	21:05:18	500	13875	10	1387500.0	222671	13910	13870	87	13875	31	15548	2156000100
20210421	21:05:19	0	13875	1	138750.0	222671	13910	13870	89	13875	44	15549	2156138850
20210421	21:05:19	500	13875	1	138750.0	222672	13910	13870	95	13875	44	15550	2156277600
20210421	21:05:20	0	13875	3	416250.0	222674	13910	13870	97	13875	40	15553	2156693850
20210421	21:05:20	500	13875	3	416250.0	222675	13910	13870	100	13875	38	15556	2157110100
20210421	21:05:21	0	13875	2	277500.0	222676	13910	13870	105	13875	36	15558	2157387600
20210421	21:05:21	500	13875	34	4717500.0	222651	13910	13875	26	13880	103	15592	2162105100
20210421	21:05:22	0	13875	31	4301300.0	222653	13910	13875	84	13880	107	15623	2166406400
20210421	21:05:22	500	13875	7	971450.0	222655	13910	13875	85	13880	103	15630	2167377850
20210421	21:05:23	0	13875	5	693750.0	222650	13910	13875	87	13880	109	15635	2168071600
20210421	21:05:23	500	13875	4	555000.0	222650	13910	13875	87	13880	109	15639	2168626600
20210421	21:05:24	0	13875	18	2497600.0	222660	13910	13875	73	13880	106	15657	2171124200
20210421	21:05:24	500	13875	1	138750.0	222660	13910	13875	75	13880	109	15658	2171262950
20210421	21:05:25	0	13875	13	1804250.0	222661	13910	13875	78	13880	98	15671	2173067200
20210421	21:05:25	500	13880	3	416300.0	222662	13910	13875	78	13880	101	15674	2173483500
20210421	21:05:26	0	13880	11	1526600.0	222660	13910	13875	74	13880	99	15685	2175010100
20210421	21:05:26	500	13880	0	0.0	222660	13910	13875	74	13880	108	15685	2175010100
20210421	21:05:27	0	13880	0	0.0	222660	13910	13875	76	13880	109	15685	2175010100
20210421	21:05:27	500	13880	20	2775250.0	222674	13910	13875	62	13880	106	15705	2177785350
20210421	21:05:28	0	13875	2	277550.0	222674	13910	13875	65	13880	108	15707	2178062900
20210421	21:05:28	500	13880	2	277550.0	222676	13910	13875	64	13880	109	15709	2178340450
20210421	21:05:29	0	13875	41	5688750.0	222648	13910	13875	24	13880	112	15750	2184029200
20210421	21:05:29	500	13875	60	8325000.0	222657	13910	13870	118	13875	54	15810	2192354200
20210421	21:05:30	0	13875	8	1109900.0	222659	13910	13870	123	13875	53	15818	2193464100
20210421	21:05:30	500	13875	58	8047550.0	222644	13910	13875	21	13880	127	15876	2201511650
20210421	21:05:31	0	13875	1	138750.0	222644	13910	13875	101	13880	127	15877	2201650400
20210421	21:05:31	500	13875	1	138750.0	222644	13910	13875	139	13880	127	15878	2201789150
20210421	21:05:32	0	13875	1	138750.0	222644	13910	13875	144	13880	127	15879	2201927900
20210421	21:05:32	500	13880	1	138800.0	222645	13910	13875	155	13880	129	15880	2202066700
20210421	21:05:33	0	13875	2	277500.0	222645	13910	13875	153	13880	129	15882	2202344200
20210421	21:05:33	500	13875	0	0.0	222645	13910	13875	173	13880	130	15882	2202344200
20210421	21:05:34	0	13880	1	138800.0	222645	13910	13875	175	13880	140	15883	2202483000
20210421	21:05:34	500	13880	12	1665100.0	222645	13910	13875	153	13880	140	15895	2204148100
20210421	21:05:35	0	13880	2	277600.0	222645	13910	13875	147	13880	138	15897	2204425700
20210421	21:05:35	500	13880	1	138800.0	222645	13910	13875	148	13880	139	15898	2204564500
20210421	21:05:36	0	13880	0	0.0	222645	13910	13875	148	13880	157	15898	2204564500
20210421	21:05:36	500	13880	2	277600.0	222645	13910	13875	140	13880	155	15900	2204842100
20210421	21:05:37	0	13880	2	277550.0	222645	13910	13875	139	13880	156	15902	2205119650
20210421	21:05:37	500	13880	0	0.0	222645	13910	13875	139	13880	159	15902	2205119650
20210421	21:05:38	0	13880	5	693900.0	222646	13910	13875	137	13880	156	15907	2205813550
20210421	21:05:38	500	13875	1	138750.0	222645	13910	13875	144	13880	156	15908	2205952300
20210421	21:05:39	0	13880	57	7911550.0	222657	13910	13875	147	13880	100	15965	2213863850
20210421	21:05:39	500	13880	101	14018800.0	222682	13910	13880	46	13885	162	16066	2227882650
20210421	21:05:40	0	13880	3	416400.0	222681	13910	13880	80	13885	167	16069	2228299050
20210421	21:05:40	500	13880	4	555250.0	222678	13910	13880	78	13885	163	16073	2228854300
20210421	21:05:41	0	13880	1	138800.0	222677	13910	13880	80	13885	165	16074	2228993100
20210421	21:05:41	500	13880	3	416450.0	222675	13910	13880	80	13885	165	16077	2229409550
20210421	21:05:42	0	13885	3	416450.0	222677	13910	13880	78	13885	164	16080	2229826000
20210421	21:05:42	500	13885	3	416450.0	222677	13910	13880	76	13885	164	16083	2230242450
20210421	21:05:43	0	13880	5	694000.0	222674	13910	13880	72	13885	160	16088	2230936450
20210421	21:05:43	500	13880	10	1388000.0	222674	13910	13880	62	13885	165	16098	2232324450
20210421	21:05:44	0	13880	40	5552000.0	222667	13910	13880	23	13885	165	16138	2237876450
20210421	21:05:44	500	13880	20	2776150.0	222661	13910	13880	12	13885	162	16158	2240652600
20210421	21:05:45	0	13880	0	0.0	222661	13910	13880	45	13885	163	16158	2240652600
20210421	21:05:45	500	13880	19	2637500.0	222664	13910	13880	46	13885	160	16177	2243290100
20210421	21:05:46	0	13880	0	0.0	222664	13910	13880	93	13885	162	16177	2243290100
20210421	21:05:46	500	13885	52	7220150.0	222696	13910	13880	96	13885	111	16229	2250510250
20210421	21:05:47	0	13885	16	2221500.0	222700	13910	13880	98	13885	101	16245	2252731750
20210421	21:05:47	500	13880	2	277600.0	222700	13910	13880	110	13885	101	16247	2253009350
20210421	21:05:48	0	13880	3	416450.0	222700	13910	13880	130	13885	101	16250	2253425800
20210421	21:05:48	500	13880	11	1526850.0	222709	13910	13880	126	13885	102	16261	2254952650
20210421	21:05:49	0	13885	7	971850.0	222710	13910	13880	126	13885	103	16268	2255924500
20210421	21:05:49	500	13880	5	694000.0	222710	13910	13880	123	13885	106	16273	2256618500
20210421	21:05:50	0	13880	1	138800.0	222710	13910	13880	144	13885	116	16274	2256757300
20210421	21:05:50	500	13885	1	138850.0	222711	13910	13880	147	13885	114	16275	2256896150
20210421	21:05:51	0	13880	7	971900.0	222711	13910	13880	149	13885	98	16282	2257868050
20210421	21:05:51	500	13880	3	416500.0	222711	13910	13880	167	13885	96	16285	2258284550
20210421	21:05:52	0	13880	0	0.0	222711	13910	13880	173	13885	97	16285	2258284550
20210421	21:05:52	500	13885	10	1388400.0	222712	13910	13880	171	13885	93	16295	2259672950
20210421	21:05:53	0	13885	13	1804550.0	222706	13910	13880	181	13885	90	16308	2261477500
20210421	21:05:53	500	13885	3	416550.0	222706	13910	13880	183	13885	92	16311	2261894050
20210421	21:05:54	0	13885	4	555400.0	222704	13910	13880	184	13885	88	16315	2262449450
20210421	21:05:54	500	13885	0	0.0	222704	13910	13880	185	13885	88	16315	2262449450
20210421	21:05:55	0	13880	34	4720800.0	222710	13910	13880	185	13885	63	16349	2267170250
20210421	21:05:55	500	13880	0	0.0	222710	13910	13880	187	13885	64	16349	2267170250
20210421	21:05:56	0	13885	1	138850.0	222711	13910	13880	190	13885	79	16350	2267309100
20210421	21:05:56	500	13885	10	1388500.0	222713	13910	13880	192	13885	72	16360	2268697600
20210421	21:05:57	0	13885	0	0.0	222713	13910	13880	197	13885	74	16360	2268697600
20210421	21:05:57	500	13885	13	1804550.0	222711	13910	13880	189	13885	75	16373	2270502150
20210421	21:05:58	0	13885	24	3332400.0	222722	13910	13880	189	13885	51	16397	2273834550
20210421	21:05:58	500	13885	9	1249650.0	222728	13910	13880	189	13885	43	16406	2275084200
20210421	21:05:59	0	13885	5	694200.0	222727	13910	13880	191	13885	42	16411	2275778400
20210421	21:05:59	500	13880	13	1804450.0	222727	13910	13880	182	13885	49	16424	2277582850
20210421	21:06:00	0	13885	8	1110450.0	222727	13910	13880	177	13885	73	16432	2278693300
20210421	21:06:00	500	13885	0	0.0	222727	13910	13880	198	13885	81	16432	2278693300
20210421	21:06:01	0	13885	0	0.0	222727	13910	13880	200	13885	89	16432	2278693300
20210421	21:06:01	500	13885	1	138850.0	222727	13910	13880	201	13885	89	16433	2278832150
20210421	21:06:02	0	13885	6	833100.0	222728	13910	13880	201	13885	84	16439	2279665250
20210421	21:06:02	500	13885	3	416550.0	222729	13910	13880	222	13885	82	16442	2280081800
20210421	21:06:03	0	13885	9	1249450.0	222729	13910	13880	218	13885	79	16451	2281331250
20210421	21:06:03	500	13880	3	416400.0	222729	13910	13880	220	13885	84	16454	2281747650
20210421	21:06:04	0	13885	10	1388300.0	222730	13910	13880	217	13885	78	16464	2283135950
20210421	21:06:04	500	13880	10	1388350.0	222732	13910	13880	216	13885	73	16474	2284524300
20210421	21:06:05	0	13885	75	10413750.0	222749	13910	13885	1	13890	197	16549	2294938050
20210421	21:06:05	500	13885	23	3193600.0	222748	13910	13885	65	13890	198	16572	2298131650
20210421	21:06:06	0	13885	6	833100.0	222745	13910	13885	93	13890	198	16578	2298964750
20210421	21:06:06	500	13890	6	833150.0	222746	13910	13885	91	13890	197	16584	2299797900
20210421	21:06:07	0	13885	36	4999650.0	222727	13910	13885	94	13890	176	16620	2304797550
20210421	21:06:07	500	13885	2	277750.0	222726	13910	13885	96	13890	179	16622	2305075300
20210421	21:06:08	0	13885	9	1249650.0	222718	13910	13885	88	13890	180	16631	2306324950
20210421	21:06:08	500	13885	1	138850.0	222717	13910	13885	88	13890	181	16632	2306463800
20210421	21:06:09	0	13885	11	1527350.0	222711	13910	13885	77	13890	181	16643	2307991150
20210421	21:06:09	500	13890	4	555450.0	222707	13910	13885	76	13890	180	16647	2308546600
20210421	21:06:10	0	13885	82	11385700.0	222709	13910	13880	143	13885	45	16729	2319932300
20210421	21:06:10	500	13885	9	1249650.0	222707	13910	13880	146	13885	70	16738	2321181950
20210421	21:06:11	0	13885	2	277700.0	222707	13910	13880	148	13885	74	16740	2321459650
20210421	21:06:11	500	13885	0	0.0	222707	13910	13880	150	13885	75	16740	2321459650
20210421	21:06:12	0	13885	2	277700.0	222707	13910	13880	152	13885	74	16742	2321737350
20210421	21:06:12	500	13885	5	694250.0	222707	13910	13880	153	13885	70	16747	2322431600
20210421	21:06:13	0	13885	4	555400.0	222707	13910	13880	155	13885	66	16751	2322987000
20210421	21:06:13	500	13885	4	555400.0	222707	13910	13880	155	13885	63	16755	2323542400
20210421	21:06:14	0	13885	0	0.0	222707	13910	13880	168	13885	66	16755	2323542400
20210421	21:06:14	500	13880	9	1249400.0	222712	13910	13880	165	13885	62	16764	2324791800
20210421	21:06:15	0	13885	5	694250.0	222710	13910	13880	163	13885	58	16769	2325486050
20210421	21:06:15	500	13885	2	277650.0	222709	13910	13880	163	13885	57	16771	2325763700
20210421	21:06:16	0	13885	10	1388400.0	222711	13910	13880	162	13885	52	16781	2327152100
20210421	21:06:16	500	13885	2	277700.0	222711	13910	13880	162	13885	51	16783	2327429800
20210421	21:06:17	0	13885	5	694250.0	222710	13910	13880	163	13885	47	16788	2328124050
20210421	21:06:17	500	13885	0	0.0	222710	13910	13880	165	13885	52	16788	2328124050
20210421	21:06:18	0	13885	1	138850.0	222710	13910	13880	171	13885	69	16789	2328262900
20210421	21:06:18	500	13880	173	24012550.0	222726	13910	13875	116	13880	51	16962	2352275450
20210421	21:06:19	0	13880	8	1110100.0	222727	13910	13875	116	13880	68	16970	2353385550
20210421	21:06:19	500	13880	6	832800.0	222724	13910	13875	119	13880	65	16976	2354218350
20210421	21:06:20	0	13880	3	416400.0	222724	13910	13875	117	13880	65	16979	2354634750
20210421	21:06:20	500	13875	3	416250.0	222727	13910	13875	114	13880	64	16982	2355051000
20210421	21:06:21	0	13880	14	1943100.0	222726	13910	13875	112	13880	53	16996	2356994100
20210421	21:06:21	500	13880	6	832800.0	222726	13910	13875	112	13880	47	17002	2357826900
20210421	21:06:22	0	13880	0	0.0	222726	13910	13875	112	13880	53	17002	2357826900
20210421	21:06:22	500	13880	1	138800.0	222726	13910	13875	113	13880	54	17003	2357965700
20210421	21:06:23	0	13880	1	138800.0	222726	13910	13875	115	13880	54	17004	2358104500
20210421	21:06:23	500	13880	1	138800.0	222725	13910	13875	118	13880	53	17005	2358243300
20210421	21:06:24	0	13875	2	277500.0	222725	13910	13875	116	13880	56	17007	2358520800
20210421	21:06:24	500	13880	3	416300.0	222726	13910	13875	114	13880	57	17010	2358937100
20210421	21:06:25	0	13875	11	1526300.0	222736	13910	13875	105	13880	56	17021	2360463400
20210421	21:06:25	500	13875	2	277550.0	222737	13910	13875	104	13880	55	17023	2360740950
20210421	21:06:26	0	13875	1	138750.0	222737	13910	13875	103	13880	55	17024	2360879700
20210421	21:06:26	500	13875	1	138750.0	222738	13910	13875	103	13880	56	17025	2361018450
20210421	21:06:27	0	13875	0	0.0	222738	13910	13875	105	13880	56	17025	2361018450
20210421	21:06:27	500	13880	1	138800.0	222737	13910	13875	111	13880	56	17026	2361157250
20210421	21:06:28	0	13880	3	416400.0	222737	13910	13875	116	13880	55	17029	2361573650
20210421	21:06:28	500	13875	4	555000.0	222740	13910	13875	115	13880	55	17033	2362128650
20210421	21:06:29	0	13875	1	138750.0	222741	13910	13875	115	13880	58	17034	2362267400
20210421	21:06:29	500	13880	2	277550.0	222743	13910	13875	115	13880	60	17036	2362544950
20210421	21:06:30	0	13880	1	138800.0	222744	13910	13875	124	13880	64	17037	2362683750
20210421	21:06:30	500	13875	2	277500.0	222744	13910	13875	132	13880	68	17039	2362961250
20210421	21:06:31	0	13875	0	0.0	222744	13910	13875	133	13880	70	17039	2362961250
20210421	21:06:31	500	13880	10	1387900.0	222748	13910	13875	132	13880	62	17049	2364349150
20210421	21:06:32	0	13880	5	693950.0	222749	13910	13875	131	13880	62	17054	2365043100
20210421	21:06:32	500	13880	5	694000.0	222754	13910	13875	132	13880	61	17059	2365737100
20210421	21:06:33	0	13880	0	0.0	222754	13910	13875	132	13880	63	17059	2365737100
20210421	21:06:33	500	13880	2	277600.0	222756	13910	13875	132	13880	63	17061	2366014700
20210421	21:06:34	0	13880	7	971600.0	222753	13910	13875	137	13880	57	17068	2366986300
20210421	21:06:34	500	13880	2	277550.0	222755	13910	13875	137	13880	56	17070	2367263850
20210421	21:06:35	0	13880	1	138800.0	222755	13910	13875	137	13880	56	17071	2367402650
20210421	21:06:35	500	13875	3	416250.0	222755	13910	13875	134	13880	160	17074	2367818900
20210421	21:06:36	0	13875	16	2220500.0	222757	13910	13875	128	13880	157	17090	2370039400
20210421	21:06:36	500	13875	2	277500.0	222759	13910	13875	126	13880	158	17092	2370316900
20210421	21:06:37	0	13875	1	138750.0	222759	13910	13875	126	13880	166	17093	2370455650
20210421	21:06:37	500	13880	2	277600.0	222759	13910	13875	128	13880	164	17095	2370733250
20210421	21:06:38	0	13880	0	0.0	222759	13910	13875	127	13880	165	17095	2370733250
20210421	21:06:38	500	13880	0	0.0	222759	13910	13875	127	13880	167	17095	2370733250
20210421	21:06:39	0	13875	122	16927500.0	222835	13910	13870	102	13875	15	17217	2387660750
20210421	21:06:39	500	13875	30	4162500.0	222832	13910	13870	113	13875	42	17247	2391823250
20210421	21:06:40	0	13875	4	555000.0	222832	13910	13870	109	13875	53	17251	2392378250
20210421	21:06:40	500	13875	1	138750.0	222832	13910	13870	110	13875	52	17252	2392517000
20210421	21:06:41	0	13870	31	4301200.0	222837	13910	13870	109	13875	24	17283	2396818200
20210421	21:06:41	500	13875	5	693600.0	222838	13910	13870	109	13875	32	17288	2397511800
20210421	21:06:42	0	13875	1	138750.0	222839	13910	13870	110	13875	48	17289	2397650550
20210421	21:06:42	500	13870	6	832450.0	222843	13910	13870	109	13875	47	17295	2398483000
20210421	21:06:43	0	13870	0	0.0	222843	13910	13870	109	13875	53	17295	2398483000
20210421	21:06:43	500	13870	19	2635350.0	222861	13910	13870	91	13875	72	17314	2401118350
20210421	21:06:44	0	13870	3	416100.0	222861	13910	13870	88	13875	71	17317	2401534450
20210421	21:06:44	500	13875	3	416250.0	222864	13910	13870	96	13875	68	17320	2401950700
20210421	21:06:45	0	13870	10	1387000.0	222867	13910	13870	89	13875	69	17330	2403337700
20210421	21:06:45	500	13875	9	1248500.0	222873	13910	13870	83	13875	65	17339	2404586200
20210421	21:06:46	0	13870	1	138700.0	222873	13910	13870	83	13875	68	17340	2404724900
20210421	21:06:46	500	13875	3	416250.0	222874	13910	13870	82	13875	66	17343	2405141150
20210421	21:06:47	0	13870	11	1525750.0	222875	13910	13870	72	13875	71	17354	2406666900
20210421	21:06:47	500	13870	9	1248300.0	222878	13910	13870	71	13875	87	17363	2407915200
20210421	21:06:48	0	13875	2	277500.0	222879	13910	13870	71	13875	88	17365	2408192700
20210421	21:06:48	500	13870	1	138700.0	222878	13910	13870	72	13875	88	17366	2408331400
20210421	21:06:49	0	13870	0	0.0	222878	13910	13870	74	13875	94	17366	2408331400
20210421	21:06:49	500	13870	3	416100.0	222880	13910	13870	71	13875	94	17369	2408747500
20210421	21:06:50	0	13870	88	12205600.0	222849	13910	13870	11	13875	96	17457	2420953100
20210421	21:06:50	500	13870	17	2357900.0	222849	13910	13865	128	13870	2	17474	2423311000
20210421	21:06:51	0	13870	43	5964100.0	222851	13910	13870	2	13875	98	17517	2429275100
20210421	21:06:51	500	13875	24	3329300.0	222848	13910	13870	16	13875	89	17541	2432604400
20210421	21:06:52	0	13870	1	138700.0	222849	13910	13870	56	13875	96	17542	2432743100
20210421	21:06:52	500	13870	2	277400.0	222850	13910	13870	59	13875	97	17544	2433020500
20210421	21:06:53	0	13870	0	0.0	222850	13910	13870	61	13875	97	17544	2433020500
20210421	21:06:53	500	13870	3	416100.0	222847	13910	13870	59	13875	99	17547	2433436600
20210421	21:06:54	0	13870	1	138700.0	222846	13910	13870	60	13875	100	17548	2433575300
20210421	21:06:54	500	13870	1	138700.0	222845	13910	13870	59	13875	94	17549	2433714000
20210421	21:06:55	0	13870	5	693600.0	222846	13910	13870	57	13875	90	17554	2434407600
20210421	21:06:55	500	13870	19	2635300.0	222856	13910	13870	39	13875	72	17573	2437042900
20210421	21:06:56	0	13870	2	277400.0	222854	13910	13870	42	13875	80	17575	2437320300
20210421	21:06:56	500	13870	3	416150.0	222855	13910	13870	40	13875	80	17578	2437736450
20210421	21:06:57	0	13870	9	1248300.0	222853	13910	13870	31	13875	80	17587	2438984750
20210421	21:06:57	500	13870	3	416100.0	222855	13910	13870	37	13875	80	17590	2439400850
20210421	21:06:58	0	13870	2	277400.0	222856	13910	13870	41	13875	79	17592	2439678250
20210421	21:06:58	500	13870	2	277400.0	222856	13910	13870	38	13875	79	17594	2439955650
20210421	21:06:59	0	13870	3	416100.0	222856	13910	13870	37	13875	82	17597	2440371750
20210421	21:06:59	500	13870	5	693500.0	222854	13910	13870	32	13875	87	17602	2441065250
20210421	21:07:00	0	13870	7	970950.0	222855	13910	13870	26	13875	87	17609	2442036200
20210421	21:07:00	500	13870	0	0.0	222855	13910	13870	57	13875	88	17609	2442036200
20210421	21:07:01	0	13870	3	416100.0	222857	13910	13870	66	13875	88	17612	2442452300
20210421	21:07:01	500	13875	3	416250.0	222857	13910	13870	68	13875	86	17615	2442868550
20210421	21:07:02	0	13875	1	138750.0	222858	13910	13870	69	13875	86	17616	2443007300
20210421	21:07:02	500	13875	0	0.0	222858	13910	13870	80	13875	87	17616	2443007300
20210421	21:07:03	0	13875	0	0.0	222858	13910	13870	80	13875	87	17616	2443007300
20210421	21:07:03	500	13875	2	277500.0	222859	13910	13870	80	13875	105	17618	2443284800
20210421	21:07:04	0	13870	7	970900.0	222858	13910	13870	71	13875	106	17625	2444255700
20210421	21:07:04	500	13875	26	3606250.0	222861	13910	13870	47	13875	104	17651	2447861950
20210421	21:07:05	0	13870	35	4854500.0	222867	13910	13870	15	13875	111	17686	2452716450
20210421	21:07:05	500	13870	19	2635300.0	222859	13910	13865	137	13870	41	17705	2455351750
20210421	21:07:06	0	13870	44	6102800.0	222836	13910	13870	26	13875	104	17749	2461454550
20210421	21:07:06	500	13870	3	416100.0	222837	13910	13870	44	13875	105	17752	2461870650
20210421	21:07:07	0	13870	0	0.0	222837	13910	13870	45	13875	105	17752	2461870650
20210421	21:07:07	500	13870	1	138700.0	222838	13910	13870	46	13875	112	17753	2462009350
20210421	21:07:08	0	13870	0	0.0	222838	13910	13870	53	13875	112	17753	2462009350
20210421	21:07:08	500	13870	6	832200.0	222833	13910	13870	48	13875	105	17759	2462841550
20210421	21:07:09	0	13870	2	277400.0	222833	13910	13870	48	13875	103	17761	2463118950
20210421	21:07:09	500	13870	30	4161100.0	222820	13910	13870	22	13875	102	17791	2467280050
20210421	21:07:10	0	13870	0	0.0	222820	13910	13870	42	13875	110	17791	2467280050
20210421	21:07:10	500	13870	0	0.0	222820	13910	13870	53	13875	113	17791	2467280050
20210421	21:07:11	0	13870	0	0.0	222820	13910	13870	56	13875	113	17791	2467280050
20210421	21:07:11	500	13875	5	693650.0	222823	13910	13870	67	13875	110	17796	2467973700
20210421	21:07:12	0	13870	1	138700.0	222824	13910	13870	70	13875	103	17797	2468112400
20210421	21:07:12	500	13870	1	138700.0	222823	13910	13870	70	13875	104	17798	2468251100
20210421	21:07:13	0	13875	1	138750.0	222822	13910	13870	75	13875	103	17799	2468389850
20210421	21:07:13	500	13870	1	138700.0	222823	13910	13870	75	13875	103	17800	2468528550
20210421	21:07:14	0	13870	0	0.0	222823	13910	13870	76	13875	103	17800	2468528550
20210421	21:07:14	500	13870	1	138700.0	222824	13910	13870	76	13875	103	17801	2468667250
20210421	21:07:15	0	13875	6	832500.0	222826	13910	13870	77	13875	97	17807	2469499750
20210421	21:07:15	500	13875	5	693750.0	222827	13910	13870	77	13875	92	17812	2470193500
20210421	21:07:16	0	13875	16	2220000.0	222812	13910	13870	79	13875	77	17828	2472413500
20210421	21:07:16	500	13875	113	15678750.0	222741	13910	13875	24	13880	317	17941	2488092250
20210421	21:07:17	0	13875	11	1526250.0	222747	13910	13875	29	13880	319	17952	2489618500
20210421	21:07:17	500	13875	30	4162500.0	222742	13910	13870	92	13875	12	17982	2493781000
20210421	21:07:18	0	13875	48	6659800.0	222726	13910	13870	91	13875	31	18030	2500440800
20210421	21:07:18	500	13875	1	138750.0	222726	13910	13870	93	13875	66	18031	2500579550
20210421	21:07:19	0	13875	4	555000.0	222726	13910	13870	94	13875	64	18035	2501134550
20210421	21:07:19	500	13870	16	2219900.0	222719	13910	13870	92	13875	51	18051	2503354450
20210421	21:07:20	0	13875	9	1248350.0	222723	13910	13870	95	13875	45	18060	2504602800
20210421	21:07:20	500	13870	2	277450.0	222724	13910	13870	94	13875	48	18062	2504880250
20210421	21:07:21	0	13870	11	1525700.0	222724	13910	13870	83	13875	48	18073	2506405950
20210421	21:07:21	500	13870	0	0.0	222724	13910	13870	83	13875	53	18073	2506405950
20210421	21:07:22	0	13870	0	0.0	222724	13910	13870	85	13875	55	18073	2506405950
20210421	21:07:22	500	13870	0	0.0	222724	13910	13870	87	13875	55	18073	2506405950
20210421	21:07:23	0	13870	2	277450.0	222725	13910	13870	92	13875	54	18075	2506683400
20210421	21:07:23	500	13875	42	5827500.0	222697	13910	13870	93	13875	12	18117	2512510900
20210421	21:07:24	0	13875	17	2358750.0	222690	13910	13875	51	13880	320	18134	2514869650
20210421	21:07:24	500	13875	1	138750.0	222690	13910	13875	53	13880	322	18135	2515008400
20210421	21:07:25	0	13875	1	138750.0	222690	13910	13875	52	13880	322	18136	2515147150
20210421	21:07:25	500	13875	3	416250.0	222687	13910	13875	50	13880	321	18139	2515563400
20210421	21:07:26	0	13875	0	0.0	222687	13910	13875	50	13880	323	18139	2515563400
20210421	21:07:26	500	13875	1	138750.0	222686	13910	13875	49	13880	324	18140	2515702150
20210421	21:07:27	0	13875	5	693750.0	222684	13910	13875	44	13880	325	18145	2516395900
20210421	21:07:27	500	13875	20	2775000.0	222684	13910	13875	24	13880	327	18165	2519170900
20210421	21:07:28	0	13875	27	3746250.0	222692	13910	13870	109	13875	38	18192	2522917150
20210421	21:07:28	500	13870	2	277400.0	222694	13910	13870	108	13875	52	18194	2523194550
20210421	21:07:29	0	13870	0	0.0	222694	13910	13870	109	13875	52	18194	2523194550
20210421	21:07:29	500	13870	1	138700.0	222695	13910	13870	108	13875	63	18195	2523333250
20210421	21:07:30	0	13870	0	0.0	222695	13910	13870	108	13875	65	18195	2523333250
20210421	21:07:30	500	13875	66	9157500.0	222715	13910	13875	11	13880	327	18261	2532490750
20210421	21:07:31	0	13875	29	4023750.0	222704	13910	13875	20	13880	332	18290	2536514500
20210421	21:07:31	500	13875	0	0.0	222704	13910	13875	37	13880	332	18290	2536514500
20210421	21:07:32	0	13880	21	2914750.0	222713	13910	13875	42	13880	312	18311	2539429250
20210421	21:07:32	500	13880	3	416300.0	222712	13910	13875	42	13880	313	18314	2539845550
20210421	21:07:33	0	13880	2	277550.0	222712	13910	13875	45	13880	316	18316	2540123100
20210421	21:07:33	500	13875	4	555000.0	222711	13910	13875	36	13880	316	18320	2540678100
20210421	21:07:34	0	13875	2	277500.0	222709	13910	13875	26	13880	316	18322	2540955600
20210421	21:07:34	500	13875	0	0.0	222709	13910	13875	22	13880	319	18322	2540955600
20210421	21:07:35	0	13875	0	0.0	222709	13910	13875	22	13880	319	18322	2540955600
20210421	21:07:35	500	13875	0	0.0	222709	13910	13875	23	13880	320	18322	2540955600
20210421	21:07:36	0	13875	14	1942500.0	222703	13910	13875	9	13880	320	18336	2542898100
20210421	21:07:36	500	13875	4	555000.0	222706	13910	13875	38	13880	320	18340	2543453100
20210421	21:07:37	0	13875	5	693750.0	222710	13910	13875	75	13880	320	18345	2544146850
20210421	21:07:37	500	13875	1	138750.0	222711	13910	13875	77	13880	320	18346	2544285600
20210421	21:07:38	0	13880	324	44971200.0	222839	13910	13880	31	13885	104	18670	2589256800
20210421	21:07:38	500	13880	2	277600.0	222840	13910	13880	86	13885	105	18672	2589534400
20210421	21:07:39	0	13880	4	555350.0	222837	13910	13880	121	13885	103	18676	2590089750
20210421	21:07:39	500	13885	3	416550.0	222837	13910	13880	128	13885	99	18679	2590506300
20210421	21:07:40	0	13880	7	971900.0	222837	13910	13880	127	13885	94	18686	2591478200
20210421	21:07:40	500	13880	1	138800.0	222838	13910	13880	126	13885	94	18687	2591617000
20210421	21:07:41	0	13885	2	277700.0	222838	13910	13880	127	13885	92	18689	2591894700
20210421	21:07:41	500	13885	0	0.0	222838	13910	13880	127	13885	92	18689	2591894700
20210421	21:07:42	0	13880	21	2914850.0	222839	13910	13880	107	13885	92	18710	2594809550
20210421	21:07:42	500	13880	0	0.0	222839	13910	13880	107	13885	85	18710	2594809550
20210421	21:07:43	0	13880	5	694000.0	222839	13910	13880	103	13885	88	18715	2595503550
20210421	21:07:43	500	13880	0	0.0	222839	13910	13880	103	13885	88	18715	2595503550
20210421	21:07:44	0	13885	3	416550.0	222840	13910	13880	108	13885	85	18718	2595920100
20210421	21:07:44	500	13885	0	0.0	222840	13910	13880	111	13885	86	18718	2595920100
20210421	21:07:45	0	13885	3	416550.0	222841	13910	13880	111	13885	86	18721	2596336650
20210421	21:07:45	500	13880	5	694200.0	222842	13910	13880	120	13885	83	18726	2597030850
20210421	21:07:46	0	13885	2	277700.0	222842	13910	13880	126	13885	81	18728	2597308550
20210421	21:07:46	500	13885	3	416500.0	222841	13910	13880	125	13885	87	18731	2597725050
20210421	21:07:47	0	13880	2	277600.0	222839	13910	13880	123	13885	88	18733	2598002650
20210421	21:07:47	500	13885	2	277650.0	222839	13910	13880	122	13885	89	18735	2598280300
20210421	21:07:48	500	13885	3	416550.0	222839	13910	13880	122	13885	88	18738	2598696850
20210421	21:07:49	0	13885	0	0.0	222839	13910	13880	122	13885	89	18738	2598696850
20210421	21:07:49	500	13885	1	138850.0	222839	13910	13880	122	13885	90	18739	2598835700
20210421	21:07:50	0	13880	2	277600.0	222838	13910	13880	119	13885	90	18741	2599113300
20210421	21:07:50	500	13880	0	0.0	222838	13910	13880	119	13885	91	18741	2599113300
20210421	21:07:51	0	13880	125	17350000.0	222822	13910	13875	107	13880	54	18866	2616463300
20210421	21:07:51	500	13885	63	8744400.0	222829	13910	13880	18	13885	100	18929	2625207700
20210421	21:07:52	0	13880	2	277600.0	222831	13910	13880	41	13885	108	18931	2625485300
20210421	21:07:52	500	13885	2	277700.0	222833	13910	13880	78	13885	106	18933	2625763000
20210421	21:07:53	0	13885	0	0.0	222833	13910	13880	83	13885	107	18933	2625763000
20210421	21:07:53	500	13885	0	0.0	222833	13910	13880	83	13885	108	18933	2625763000
20210421	21:07:54	0	13880	1	138800.0	222833	13910	13880	82	13885	110	18934	2625901800
20210421	21:07:54	500	13885	1	138850.0	222834	13910	13880	84	13885	110	18935	2626040650
20210421	21:07:55	0	13885	0	0.0	222834	13910	13880	86	13885	111	18935	2626040650
20210421	21:07:55	500	13885	112	15551150.0	222854	13910	13885	66	13890	212	19047	2641591800
20210421	21:07:56	0	13885	4	555450.0	222854	13910	13885	69	13890	212	19051	2642147250
20210421	21:07:56	500	13885	2	277700.0	222854	13910	13885	68	13890	212	19053	2642424950
20210421	21:07:57	0	13885	2	277700.0	222852	13910	13885	66	13890	212	19055	2642702650
20210421	21:07:57	500	13885	3	416550.0	222850	13910	13885	63	13890	213	19058	2643119200
20210421	21:07:58	0	13890	2	277750.0	222850	13910	13885	62	13890	213	19060	2643396950
20210421	21:07:58	500	13885	13	1805150.0	222845	13910	13885	45	13890	218	19073	2645202100
20210421	21:07:59	0	13885	49	6803650.0	222880	13910	13880	107	13885	32	19122	2652005750
20210421	21:07:59	500	13885	0	0.0	222880	13910	13880	110	13885	44	19122	2652005750
20210421	21:08:00	0	13880	10	1388350.0	222886	13910	13880	105	13885	37	19132	2653394100
20210421	21:08:00	500	13885	1	138850.0	222887	13910	13880	111	13885	36	19133	2653532950
20210421	21:08:01	0	13885	0	0.0	222887	13910	13880	111	13885	36	19133	2653532950
20210421	21:08:01	500	13885	3	416550.0	222889	13910	13880	113	13885	38	19136	2653949500
20210421	21:08:02	0	13880	11	1526900.0	222898	13910	13880	105	13885	42	19147	2655476400
20210421	21:08:02	500	13885	1	138850.0	222899	13910	13880	117	13885	43	19148	2655615250
20210421	21:08:03	0	13885	1	138850.0	222900	13910	13880	117	13885	47	19149	2655754100
20210421	21:08:03	500	13885	0	0.0	222900	13910	13880	117	13885	48	19149	2655754100
20210421	21:08:04	0	13885	0	0.0	222900	13910	13880	120	13885	59	19149	2655754100
20210421	21:08:04	500	13880	1	138800.0	222900	13910	13880	119	13885	59	19150	2655892900
20210421	21:08:05	0	13880	1	138800.0	222901	13910	13880	119	13885	60	19151	2656031700
20210421	21:08:05	500	13880	121	16794800.0	222859	13910	13875	110	13880	56	19272	2672826500
20210421	21:08:06	0	13875	15	2081250.0	222855	13910	13875	102	13880	67	19287	2674907750
20210421	21:08:06	500	13880	51	7078800.0	222854	13910	13875	104	13880	25	19338	2681986550
20210421	21:08:07	0	13880	25	3469950.0	222841	13910	13880	10	13885	74	19363	2685456500
20210421	21:08:07	500	13880	20	2776000.0	222847	13910	13880	11	13885	79	19383	2688232500
20210421	21:08:08	0	13880	17	2359600.0	222848	13910	13875	105	13880	6	19400	2690592100
20210421	21:08:08	500	13880	0	0.0	222848	13910	13875	105	13880	47	19400	2690592100
20210421	21:08:09	0	13880	1	138800.0	222849	13910	13875	105	13880	59	19401	2690730900
20210421	21:08:09	500	13880	0	0.0	222849	13910	13875	108	13880	63	19401	2690730900
20210421	21:08:10	0	13880	0	0.0	222849	13910	13875	108	13880	72	19401	2690730900
20210421	21:08:10	500	13875	34	4718100.0	222851	13910	13875	86	13880	61	19435	2695449000
20210421	21:08:11	0	13875	0	0.0	222851	13910	13875	86	13880	61	19435	2695449000
20210421	21:08:11	500	13880	1	138800.0	222851	13910	13875	91	13880	60	19436	2695587800
20210421	21:08:12	0	13880	0	0.0	222851	13910	13875	91	13880	61	19436	2695587800
20210421	21:08:12	500	13880	0	0.0	222851	13910	13875	93	13880	62	19436	2695587800
20210421	21:08:13	0	13880	2	277600.0	222851	13910	13875	93	13880	62	19438	2695865400
20210421	21:08:13	500	13880	0	0.0	222851	13910	13875	99	13880	62	19438	2695865400
20210421	21:08:14	0	13875	1	138750.0	222850	13910	13875	98	13880	62	19439	2696004150
20210421	21:08:14	500	13880	1	138800.0	222849	13910	13875	109	13880	61	19440	2696142950
20210421	21:08:15	0	13880	0	0.0	222849	13910	13875	108	13880	61	19440	2696142950
20210421	21:08:15	500	13880	9	1249200.0	222852	13910	13875	110	13880	52	19449	2697392150
20210421	21:08:16	0	13880	1	138800.0	222852	13910	13875	111	13880	55	19450	2697530950
20210421	21:08:16	500	13875	1	138750.0	222851	13910	13875	112	13880	55	19451	2697669700
20210421	21:08:17	0	13880	20	2775200.0	222851	13910	13875	96	13880	55	19471	2700444900
20210421	21:08:17	500	13880	1	138800.0	222851	13910	13875	97	13880	56	19472	2700583700
20210421	21:08:18	0	13880	0	0.0	222851	13910	13875	100	13880	56	19472	2700583700
20210421	21:08:18	500	13880	1	138800.0	222851	13910	13875	101	13880	55	19473	2700722500
20210421	21:08:19	0	13880	2	277600.0	222851	13910	13875	102	13880	54	19475	2701000100
20210421	21:08:19	500	13880	1	138800.0	222850	13910	13875	102	13880	54	19476	2701138900
20210421	21:08:20	0	13880	0	0.0	222850	13910	13875	104	13880	54	19476	2701138900
20210421	21:08:20	500	13880	6	832800.0	222850	13910	13875	105	13880	48	19482	2701971700
20210421	21:08:21	0	13880	0	0.0	222850	13910	13875	106	13880	48	19482	2701971700
20210421	21:08:21	500	13880	0	0.0	222850	13910	13875	106	13880	48	19482	2701971700
20210421	21:08:22	0	13880	0	0.0	222850	13910	13875	106	13880	49	19482	2701971700
20210421	21:08:22	500	13880	0	0.0	222850	13910	13875	110	13880	49	19482	2701971700
20210421	21:08:23	0	13880	1	138800.0	222850	13910	13875	110	13880	48	19483	2702110500
20210421	21:08:23	500	13880	1	138800.0	222850	13910	13875	110	13880	47	19484	2702249300
20210421	21:08:24	0	13880	2	277600.0	222848	13910	13875	111	13880	46	19486	2702526900
20210421	21:08:24	500	13880	3	416400.0	222848	13910	13875	112	13880	47	19489	2702943300
20210421	21:08:25	0	13880	0	0.0	222848	13910	13875	113	13880	46	19489	2702943300
20210421	21:08:25	500	13880	3	416400.0	222848	13910	13875	113	13880	43	19492	2703359700
20210421	21:08:26	0	13880	0	0.0	222848	13910	13875	113	13880	43	19492	2703359700
20210421	21:08:26	500	13880	2	277550.0	222846	13910	13875	116	13880	44	19494	2703637250
20210421	21:08:27	0	13880	2	277600.0	222846	13910	13875	118	13880	42	19496	2703914850
20210421	21:08:27	500	13880	15	2082000.0	222841	13910	13875	118	13880	28	19511	2705996850
20210421	21:08:28	0	13880	31	4302800.0	222844	13910	13880	60	13885	111	19542	2710299650
20210421	21:08:28	500	13880	5	694000.0	222844	13910	13880	62	13885	113	19547	2710993650
20210421	21:08:29	0	13885	2	277700.0	222844	13910	13880	64	13885	110	19549	2711271350
20210421	21:08:29	500	13880	7	971900.0	222840	13910	13880	64	13885	106	19556	2712243250
20210421	21:08:30	0	13880	1	138800.0	222839	13910	13880	66	13885	109	19557	2712382050
20210421	21:08:30	500	13880	1	138800.0	222839	13910	13880	67	13885	109	19558	2712520850
20210421	21:08:31	0	13885	13	1805050.0	222826	13910	13880	68	13885	96	19571	2714325900
20210421	21:08:31	500	13885	0	0.0	222826	13910	13880	71	13885	97	19571	2714325900
20210421	21:08:32	0	13885	1	138850.0	222826	13910	13880	72	13885	98	19572	2714464750
20210421	21:08:32	500	13885	5	694250.0	222821	13910	13880	72	13885	93	19577	2715159000
20210421	21:08:33	0	13880	1	138800.0	222820	13910	13880	70	13885	94	19578	2715297800
20210421	21:08:33	500	13885	19	2638100.0	222806	13910	13880	69	13885	77	19597	2717935900
20210421	21:08:34	0	13885	1	138850.0	222807	13910	13880	73	13885	77	19598	2718074750
20210421	21:08:34	500	13885	2	277700.0	222807	13910	13880	74	13885	76	19600	2718352450
20210421	21:08:35	0	13885	0	0.0	222807	13910	13880	76	13885	81	19600	2718352450
20210421	21:08:35	500	13885	2	277700.0	222807	13910	13880	81	13885	80	19602	2718630150
20210421	21:08:36	0	13880	1	138800.0	222808	13910	13880	80	13885	80	19603	2718768950
20210421	21:08:36	500	13885	28	3886500.0	222807	13910	13880	57	13885	79	19631	2722655450
20210421	21:08:37	0	13885	0	0.0	222807	13910	13880	60	13885	93	19631	2722655450
20210421	21:08:37	500	13885	0	0.0	222807	13910	13880	63	13885	94	19631	2722655450
20210421	21:08:38	0	13885	2	277700.0	222808	13910	13880	65	13885	89	19633	2722933150
20210421	21:08:38	500	13880	10	1388000.0	222807	13910	13880	53	13885	89	19643	2724321150
20210421	21:08:39	0	13875	56	7772750.0	222839	13910	13875	109	13880	30	19699	2732093900
20210421	21:08:39	500	13880	13	1804350.0	222846	13910	13875	110	13880	34	19712	2733898250
20210421	21:08:40	0	13880	1	138800.0	222846	13910	13875	111	13880	33	19713	2734037050
20210421	21:08:40	500	13880	1	138800.0	222846	13910	13875	111	13880	32	19714	2734175850
20210421	21:08:41	0	13880	2	277600.0	222846	13910	13875	109	13880	33	19716	2734453450
20210421	21:08:41	500	13880	3	416400.0	222844	13910	13875	109	13880	31	19719	2734869850
20210421	21:08:42	0	13880	2	277600.0	222846	13910	13875	113	13880	29	19721	2735147450
20210421	21:08:42	500	13880	1	138800.0	222847	13910	13875	114	13880	29	19722	2735286250
20210421	21:08:43	0	13880	3	416300.0	222846	13910	13875	112	13880	29	19725	2735702550
20210421	21:08:43	500	13880	10	1387900.0	222847	13910	13875	110	13880	23	19735	2737090450
20210421	21:08:44	0	13880	1	138800.0	222847	13910	13875	111	13880	28	19736	2737229250
20210421	21:08:44	500	13880	0	0.0	222847	13910	13875	111	13880	31	19736	2737229250
20210421	21:08:45	0	13880	0	0.0	222847	13910	13875	114	13880	69	19736	2737229250
20210421	21:08:45	500	13880	2	277600.0	222846	13910	13875	114	13880	80	19738	2737506850
20210421	21:08:46	0	13880	2	277600.0	222846	13910	13875	114	13880	78	19740	2737784450
20210421	21:08:46	500	13880	1	138800.0	222846	13910	13875	115	13880	76	19741	2737923250
20210421	21:08:47	0	13875	2	277550.0	222844	13910	13875	115	13880	66	19743	2738200800
20210421	21:08:47	500	13880	2	277600.0	222844	13910	13875	114	13880	64	19745	2738478400
20210421	21:08:48	0	13880	0	0.0	222844	13910	13875	115	13880	64	19745	2738478400
20210421	21:08:48	500	13880	0	0.0	222844	13910	13875	115	13880	64	19745	2738478400
20210421	21:08:49	500	13875	1	138750.0	222843	13910	13875	129	13880	64	19746	2738617150
20210421	21:08:50	0	13880	1	138800.0	222843	13910	13875	132	13880	67	19747	2738755950
20210421	21:08:50	500	13880	1	138800.0	222843	13910	13875	132	13880	66	19748	2738894750
20210421	21:08:51	0	13880	39	5413200.0	222815	13910	13875	132	13880	27	19787	2744307950
20210421	21:08:51	500	13880	21	2914800.0	222798	13910	13875	132	13880	44	19808	2747222750
20210421	21:08:52	0	13880	11	1526800.0	222806	13910	13875	132	13880	43	19819	2748749550
20210421	21:08:52	500	13880	13	1804350.0	222794	13910	13875	135	13880	31	19832	2750553900
20210421	21:08:53	0	13880	0	0.0	222794	13910	13875	135	13880	36	19832	2750553900
20210421	21:08:53	500	13880	1	138800.0	222794	13910	13875	136	13880	36	19833	2750692700
20210421	21:08:54	0	13880	1	138800.0	222793	13910	13875	137	13880	38	19834	2750831500
20210421	21:08:54	500	13880	1	138800.0	222793	13910	13875	137	13880	37	19835	2750970300
20210421	21:08:55	0	13880	1	138800.0	222792	13910	13875	138	13880	35	19836	2751109100
20210421	21:08:55	500	13880	0	0.0	222792	13910	13875	138	13880	29	19836	2751109100
20210421	21:08:56	0	13880	1	138800.0	222792	13910	13875	137	13880	27	19837	2751247900
20210421	21:08:56	500	13875	1	138750.0	222792	13910	13875	136	13880	30	19838	2751386650
20210421	21:08:57	0	13875	0	0.0	222792	13910	13875	136	13880	48	19838	2751386650
20210421	21:08:57	500	13880	4	555200.0	222792	13910	13875	138	13880	47	19842	2751941850
20210421	21:08:58	0	13880	2	277600.0	222792	13910	13875	138	13880	45	19844	2752219450
20210421	21:08:58	500	13880	44	6107200.0	222800	13910	13880	42	13885	106	19888	2758326650
20210421	21:08:59	0	13880	0	0.0	222800	13910	13880	57	13885	108	19888	2758326650
20210421	21:08:59	500	13880	1	138800.0	222801	13910	13880	57	13885	107	19889	2758465450
20210421	21:09:00	0	13880	4	555200.0	222801	13910	13880	53	13885	107	19893	2759020650
20210421	21:09:00	500	13880	0	0.0	222801	13910	13880	64	13885	107	19893	2759020650
20210421	21:09:01	0	13880	0	0.0	222801	13910	13880	68	13885	107	19893	2759020650
20210421	21:09:01	500	13880	0	0.0	222801	13910	13880	69	13885	108	19893	2759020650
20210421	21:09:02	0	13880	1	138800.0	222802	13910	13880	69	13885	110	19894	2759159450
20210421	21:09:02	500	13880	0	0.0	222802	13910	13880	77	13885	110	19894	2759159450
20210421	21:09:03	0	13880	0	0.0	222802	13910	13880	78	13885	110	19894	2759159450
20210421	21:09:03	500	13885	1	138850.0	222802	13910	13880	78	13885	109	19895	2759298300
20210421	21:09:04	500	13885	0	0.0	222802	13910	13880	78	13885	110	19895	2759298300
20210421	21:09:05	0	13885	0	0.0	222802	13910	13880	82	13885	110	19895	2759298300
20210421	21:09:05	500	13885	2	277700.0	222804	13910	13880	82	13885	109	19897	2759576000
20210421	21:09:06	0	13880	1	138800.0	222804	13910	13880	82	13885	110	19898	2759714800
20210421	21:09:06	500	13885	2	277700.0	222806	13910	13880	84	13885	108	19900	2759992500
20210421	21:09:07	0	13885	1	138850.0	222807	13910	13880	85	13885	109	19901	2760131350
20210421	21:09:07	500	13885	0	0.0	222807	13910	13880	84	13885	110	19901	2760131350
20210421	21:09:08	0	13885	0	0.0	222807	13910	13880	85	13885	113	19901	2760131350
20210421	21:09:08	500	13885	0	0.0	222807	13910	13880	88	13885	102	19901	2760131350
20210421	21:09:09	0	13880	1	138800.0	222808	13910	13880	87	13885	103	19902	2760270150
20210421	21:09:09	500	13880	0	0.0	222808	13910	13880	87	13885	103	19902	2760270150
20210421	21:09:10	0	13880	0	0.0	222808	13910	13880	88	13885	104	19902	2760270150
20210421	21:09:10	500	13880	2	277600.0	222809	13910	13880	90	13885	104	19904	2760547750
20210421	21:09:11	0	13880	1	138800.0	222810	13910	13880	97	13885	104	19905	2760686550
20210421	21:09:11	500	13880	0	0.0	222810	13910	13880	103	13885	103	19905	2760686550
20210421	21:09:12	0	13885	2	277700.0	222810	13910	13880	104	13885	101	19907	2760964250
20210421	21:09:12	500	13885	1	138850.0	222811	13910	13880	105	13885	100	19908	2761103100
20210421	21:09:13	0	13885	0	0.0	222811	13910	13880	107	13885	102	19908	2761103100
20210421	21:09:13	500	13880	5	694000.0	222811	13910	13880	103	13885	102	19913	2761797100
20210421	21:09:14	0	13880	2	277650.0	222813	13910	13880	102	13885	102	19915	2762074750
20210421	21:09:14	500	13885	1	138850.0	222814	13910	13880	103	13885	101	19916	2762213600
20210421	21:09:15	0	13885	0	0.0	222814	13910	13880	103	13885	102	19916	2762213600
20210421	21:09:15	500	13885	1	138850.0	222815	13910	13880	104	13885	103	19917	2762352450
20210421	21:09:16	0	13885	0	0.0	222815	13910	13880	104	13885	104	19917	2762352450
20210421	21:09:16	500	13880	2	277600.0	222816	13910	13880	102	13885	104	19919	2762630050
20210421	21:09:17	0	13880	13	1804400.0	222816	13910	13880	89	13885	104	19932	2764434450
20210421	21:09:17	500	13885	5	694250.0	222821	13910	13880	89	13885	101	19937	2765128700
20210421	21:09:18	0	13880	1	138800.0	222822	13910	13880	88	13885	101	19938	2765267500
20210421	21:09:18	500	13880	0	0.0	222822	13910	13880	88	13885	102	19938	2765267500
20210421	21:09:19	0	13880	0	0.0	222822	13910	13880	88	13885	106	19938	2765267500
20210421	21:09:19	500	13880	14	1943200.0	222820	13910	13880	74	13885	106	19952	2767210700
20210421	21:09:20	0	13880	0	0.0	222820	13910	13880	75	13885	106	19952	2767210700
20210421	21:09:20	500	13880	74	10271200.0	222811	13910	13875	127	13880	61	20026	2777481900
20210421	21:09:21	0	13880	5	693800.0	222812	13910	13875	131	13880	66	20031	2778175700
20210421	21:09:21	500	13880	9	1249150.0	222808	13910	13875	132	13880	66	20040	2779424850
20210421	21:09:22	0	13875	1	138750.0	222809	13910	13875	132	13880	75	20041	2779563600
20210421	21:09:22	500	13880	1	138800.0	222808	13910	13875	132	13880	77	20042	2779702400
20210421	21:09:23	0	13880	1	138800.0	222808	13910	13875	132	13880	77	20043	2779841200
20210421	21:09:23	500	13880	3	416400.0	222808	13910	13875	123	13880	76	20046	2780257600
20210421	21:09:24	0	13875	1	138750.0	222809	13910	13875	122	13880	76	20047	2780396350
20210421	21:09:24	500	13875	0	0.0	222809	13910	13875	122	13880	76	20047	2780396350
20210421	21:09:25	0	13875	8	1110350.0	222807	13910	13875	121	13880	69	20055	2781506700
20210421	21:09:25	500	13875	0	0.0	222807	13910	13875	123	13880	72	20055	2781506700
20210421	21:09:26	0	13880	1	138800.0	222807	13910	13875	126	13880	71	20056	2781645500
20210421	21:09:26	500	13875	58	8047550.0	222832	13910	13875	89	13880	84	20114	2789693050
20210421	21:09:27	0	13875	3	416250.0	222834	13910	13875	87	13880	104	20117	2790109300
20210421	21:09:27	500	13880	6	832800.0	222834	13910	13875	87	13880	99	20123	2790942100
20210421	21:09:28	0	13875	1	138750.0	222834	13910	13875	87	13880	100	20124	2791080850
20210421	21:09:28	500	13875	88	12210050.0	222794	13910	13870	190	13875	49	20212	2803290900
20210421	21:09:29	0	13875	6	832350.0	222800	13910	13870	193	13875	78	20218	2804123250
20210421	21:09:29	500	13870	1	138700.0	222801	13910	13870	192	13875	79	20219	2804261950
20210421	21:09:30	0	13870	5	693550.0	222802	13910	13870	189	13875	77	20224	2804955500
20210421	21:09:30	500	13870	21	2912700.0	222816	13910	13870	168	13875	81	20245	2807868200
20210421	21:09:31	0	13870	1	138700.0	222817	13910	13870	168	13875	81	20246	2808006900
20210421	21:09:31	500	13870	0	0.0	222817	13910	13870	169	13875	83	20246	2808006900
20210421	21:09:32	0	13875	1	138750.0	222818	13910	13870	168	13875	82	20247	2808145650
20210421	21:09:32	500	13870	2	277400.0	222818	13910	13870	168	13875	84	20249	2808423050
20210421	21:09:33	0	13870	0	0.0	222818	13910	13870	169	13875	85	20249	2808423050
20210421	21:09:33	500	13870	0	0.0	222818	13910	13870	169	13875	85	20249	2808423050
20210421	21:09:34	0	13870	2	277400.0	222819	13910	13870	167	13875	86	20251	2808700450
20210421	21:09:34	500	13875	1	138750.0	222819	13910	13870	167	13875	85	20252	2808839200
20210421	21:09:35	0	13870	6	832200.0	222818	13910	13870	161	13875	87	20258	2809671400
20210421	21:09:35	500	13870	3	416100.0	222821	13910	13870	158	13875	87	20261	2810087500
20210421	21:09:36	0	13870	1	138700.0	222821	13910	13870	157	13875	87	20262	2810226200
20210421	21:09:36	500	13870	1	138700.0	222822	13910	13870	156	13875	88	20263	2810364900
20210421	21:09:37	0	13875	1	138750.0	222823	13910	13870	156	13875	88	20264	2810503650
20210421	21:09:37	500	13870	2	277450.0	222824	13910	13870	150	13875	103	20266	2810781100
