date	time	milli	price	qty	turnover	cumOpenint	yp	bid	bid.qty	ask	ask.qty	cum.qty	cum.turnover
20210421	20:59:00	500	5195	7588	394196600.0	1488456	5188	5194	10	5195	43	7588	394196600
20210421	21:00:00	500	5194	1798	93366060.0	1489496	5188	5192	1	5194	489	9386	487562660
20210421	21:00:01	0	5194	3258	169214930.0	1490026	5188	5194	527	5195	74	12644	656777590
20210421	21:00:01	500	5195	1988	103276540.0	1491033	5188	5195	158	5196	602	14632	760054130
20210421	21:00:02	0	5196	2302	119607040.0	1491346	5188	5196	402	5197	27	16934	879661170
20210421	21:00:02	500	5198	1883	97881340.0	1492106	5188	5198	517	5199	8	18817	977542510
20210421	21:00:03	0	5199	2402	124878420.0	1492590	5188	5199	61	5200	93	21219	1102420930
20210421	21:00:03	500	5199	1445	75132700.0	1492900	5188	5199	216	5200	89	22664	1177553630
20210421	21:00:04	0	5198	1217	63273580.0	1493437	5188	5197	778	5198	218	23881	1240827210
20210421	21:00:04	500	5197	949	49329600.0	1493630	5188	5197	628	5198	137	24830	1290156810
20210421	21:00:05	0	5197	1484	77132170.0	1493471	5188	5196	818	5197	430	26314	1367288980
20210421	21:00:05	500	5196	1473	76543820.0	1493434	5188	5196	111	5197	12	27787	1443832800
20210421	21:00:06	0	5196	661	34348350.0	1493361	5188	5195	961	5196	97	28448	1478181150
20210421	21:00:06	500	5195	1385	71959330.0	1493269	5188	5195	139	5196	17	29833	1550140480
20210421	21:00:07	0	5195	1084	56323150.0	1493413	5188	5195	9	5196	14	30917	1606463630
20210421	21:00:07	500	5195	374	19434370.0	1493652	5188	5195	85	5196	1	31291	1625898000
20210421	21:00:08	0	5195	421	21871200.0	1493555	5188	5194	417	5195	152	31712	1647769200
20210421	21:00:08	500	5195	697	36209600.0	1493570	5188	5195	14	5196	26	32409	1683978800
20210421	21:00:09	0	5196	398	20679650.0	1493771	5188	5196	7	5197	271	32807	1704658450
20210421	21:00:09	500	5195	387	20106810.0	1493749	5188	5194	197	5195	77	33194	1724765260
20210421	21:00:10	0	5196	428	22233980.0	1493768	5188	5195	3	5196	149	33622	1746999240
20210421	21:00:10	500	5195	308	15999330.0	1493770	5188	5194	10	5195	16	33930	1762998570
20210421	21:00:11	0	5194	190	9868660.0	1493860	5188	5194	51	5195	227	34120	1772867230
20210421	21:00:11	500	5195	263	13661720.0	1493912	5188	5194	64	5195	252	34383	1786528950
20210421	21:00:12	0	5195	258	13401020.0	1494090	5188	5193	52	5195	209	34641	1799929970
20210421	21:00:12	500	5194	89	4622200.0	1494120	5188	5193	61	5194	228	34730	1804552170
20210421	21:00:13	0	5193	156	8101040.0	1494179	5188	5192	49	5193	91	34886	1812653210
20210421	21:00:13	500	5192	439	22790730.0	1494142	5188	5190	214	5192	448	35325	1835443940
20210421	21:00:14	0	5190	367	19046990.0	1494256	5188	5189	81	5190	118	35692	1854490930
20210421	21:00:14	500	5189	937	48614270.0	1494071	5188	5188	8	5189	53	36629	1903105200
20210421	21:00:15	0	5186	275	14266800.0	1494029	5188	5185	60	5186	453	36904	1917372000
20210421	21:00:15	500	5187	1237	64148800.0	1493779	5188	5186	250	5188	503	38141	1981520800
20210421	21:00:16	0	5187	293	15197950.0	1493585	5188	5186	336	5187	40	38434	1996718750
20210421	21:00:16	500	5187	890	46168860.0	1493576	5188	5187	136	5188	1	39324	2042887610
20210421	21:00:17	0	5189	83	4306180.0	1493544	5188	5188	383	5189	181	39407	2047193790
20210421	21:00:17	500	5189	507	26310220.0	1493545	5188	5190	30	5191	108	39914	2073504010
20210421	21:00:18	0	5188	446	23145700.0	1493559	5188	5188	259	5190	28	40360	2096649710
20210421	21:00:18	500	5188	323	16760600.0	1493461	5188	5189	59	5190	1	40683	2113410310
20210421	21:00:19	0	5190	140	7264780.0	1493474	5188	5189	33	5190	169	40823	2120675090
20210421	21:00:19	500	5189	275	14267680.0	1493563	5188	5188	4	5189	310	41098	2134942770
20210421	21:00:20	0	5188	272	14109830.0	1493716	5188	5187	2	5188	348	41370	2149052600
20210421	21:00:20	500	5188	375	19452090.0	1493613	5188	5186	432	5188	62	41745	2168504690
20210421	21:00:21	0	5188	102	5291410.0	1493569	5188	5187	157	5188	94	41847	2173796100
20210421	21:00:21	500	5189	433	22462430.0	1493536	5188	5187	37	5189	371	42280	2196258530
20210421	21:00:22	0	5188	345	17895340.0	1493400	5188	5187	9	5188	102	42625	2214153870
20210421	21:00:22	500	5187	809	41958570.0	1493432	5188	5185	77	5187	275	43434	2256112440
20210421	21:00:23	0	5185	245	12704120.0	1493515	5188	5184	27	5185	75	43679	2268816560
20210421	21:00:23	500	5183	231	11975180.0	1493498	5188	5183	158	5184	50	43910	2280791740
20210421	21:00:24	0	5184	252	13063250.0	1493504	5188	5183	141	5184	1	44162	2293854990
20210421	21:00:24	500	5184	250	12959050.0	1493419	5188	5184	33	5185	131	44412	2306814040
20210421	21:00:25	0	5183	195	10108870.0	1493407	5188	5182	83	5183	39	44607	2316922910
20210421	21:00:25	500	5183	173	8966910.0	1493287	5188	5183	149	5184	151	44780	2325889820
20210421	21:00:26	0	5184	133	6893900.0	1493282	5188	5183	87	5184	124	44913	2332783720
20210421	21:00:26	500	5184	129	6686570.0	1493257	5188	5183	9	5184	144	45042	2339470290
20210421	21:00:27	0	5184	142	7359950.0	1493243	5188	5183	30	5184	130	45184	2346830240
20210421	21:00:27	500	5184	104	5390830.0	1493299	5188	5183	8	5184	105	45288	2352221070
20210421	21:00:28	0	5183	94	4872170.0	1493305	5188	5182	64	5183	7	45382	2357093240
20210421	21:00:28	500	5182	185	9587920.0	1493220	5188	5181	121	5182	33	45567	2366681160
20210421	21:00:29	0	5182	168	8706040.0	1493128	5188	5181	106	5182	7	45735	2375387200
20210421	21:00:29	500	5183	265	13732950.0	1493007	5188	5182	80	5183	247	46000	2389120150
20210421	21:00:30	0	5183	186	9639650.0	1492988	5188	5182	52	5183	219	46186	2398759800
20210421	21:00:30	500	5181	237	12280460.0	1492959	5188	5181	58	5182	51	46423	2411040260
20210421	21:00:31	0	5180	201	10413590.0	1492978	5188	5180	433	5181	3	46624	2421453850
20210421	21:00:31	500	5180	825	42736840.0	1493030	5188	5179	63	5180	46	47449	2464190690
20210421	21:00:32	0	5180	399	20667080.0	1492891	5188	5179	67	5180	7	47848	2484857770
20210421	21:00:32	500	5180	393	20355760.0	1492675	5188	5180	276	5181	147	48241	2505213530
20210421	21:00:33	0	5182	813	42126380.0	1492528	5188	5182	34	5183	147	49054	2547339910
20210421	21:00:33	500	5182	498	25807640.0	1492523	5188	5182	8	5183	1	49552	2573147550
20210421	21:00:34	0	5183	254	13163770.0	1492351	5188	5182	50	5183	231	49806	2586311320
20210421	21:00:34	500	5183	189	9793760.0	1492379	5188	5181	127	5183	281	49995	2596105080
20210421	21:00:35	0	5182	179	9275970.0	1492361	5188	5181	134	5182	11	50174	2605381050
20210421	21:00:35	500	5182	137	7099800.0	1492346	5188	5181	127	5182	5	50311	2612480850
20210421	21:00:36	0	5182	217	11244840.0	1492332	5188	5182	17	5183	149	50528	2623725690
20210421	21:00:36	500	5182	320	16584630.0	1492235	5188	5182	1	5183	8	50848	2640310320
20210421	21:00:37	0	5183	345	17882470.0	1492273	5188	5182	406	5183	24	51193	2658192790
20210421	21:00:37	500	5183	165	8552600.0	1492351	5188	5183	240	5184	63	51358	2666745390
20210421	21:00:38	0	5184	206	10678390.0	1492489	5188	5184	23	5185	104	51564	2677423780
20210421	21:00:38	500	5184	176	9124030.0	1492554	5188	5183	238	5184	3	51740	2686547810
20210421	21:00:39	0	5184	194	10057120.0	1492582	5188	5184	437	5185	49	51934	2696604930
20210421	21:00:39	500	5185	134	6947730.0	1492586	5188	5185	16	5186	46	52068	2703552660
20210421	21:00:40	0	5186	138	7155360.0	1492630	5188	5185	20	5186	83	52206	2710708020
20210421	21:00:40	500	5185	129	6689400.0	1492639	5188	5184	465	5185	87	52335	2717397420
20210421	21:00:41	0	5185	191	9903720.0	1492614	5188	5185	44	5186	22	52526	2727301140
20210421	21:00:41	500	5185	163	8451950.0	1492559	5188	5185	20	5186	49	52689	2735753090
20210421	21:00:42	0	5186	135	7000310.0	1492589	5188	5185	68	5186	66	52824	2742753400
20210421	21:00:42	500	5186	190	9852240.0	1492576	5188	5186	66	5187	118	53014	2752605640
20210421	21:00:43	0	5186	213	11046000.0	1492520	5188	5185	526	5186	76	53227	2763651640
20210421	21:00:43	500	5187	216	11200900.0	1492553	5188	5185	464	5187	164	53443	2774852540
20210421	21:00:44	0	5187	121	6276060.0	1492516	5188	5186	19	5187	51	53564	2781128600
20210421	21:00:44	500	5186	94	4874860.0	1492491	5188	5186	23	5187	82	53658	2786003460
20210421	21:00:45	0	5187	280	14522830.0	1492561	5188	5186	43	5187	6	53938	2800526290
20210421	21:00:45	500	5187	255	13225040.0	1492566	5188	5186	106	5187	16	54193	2813751330
20210421	21:00:46	0	5187	131	6794450.0	1492579	5188	5186	91	5187	109	54324	2820545780
20210421	21:00:46	500	5187	293	15196450.0	1492658	5188	5185	550	5187	57	54617	2835742230
20210421	21:00:47	0	5185	115	5964380.0	1492677	5188	5185	559	5186	78	54732	2841706610
20210421	21:00:47	500	5186	57	2955890.0	1492677	5188	5185	553	5186	64	54789	2844662500
20210421	21:00:48	0	5186	115	5964140.0	1492700	5188	5186	171	5187	75	54904	2850626640
20210421	21:00:48	500	5186	145	7520060.0	1492607	5188	5186	143	5187	57	55049	2858146700
20210421	21:00:49	0	5187	180	9335430.0	1492547	5188	5186	81	5187	103	55229	2867482130
20210421	21:00:49	500	5186	191	9905560.0	1492527	5188	5186	163	5187	114	55420	2877387690
20210421	21:00:50	0	5186	195	10113240.0	1492537	5188	5186	54	5187	75	55615	2887500930
20210421	21:00:50	500	5186	99	5134770.0	1492547	5188	5186	40	5187	53	55714	2892635700
20210421	21:00:51	0	5186	233	12084070.0	1492625	5188	5185	562	5186	145	55947	2904719770
20210421	21:00:51	500	5186	100	5186000.0	1492610	5188	5185	568	5186	175	56047	2909905770
20210421	21:00:52	0	5186	47	2437350.0	1492610	5188	5185	629	5186	210	56094	2912343120
20210421	21:00:52	500	5185	211	10941150.0	1492639	5188	5185	509	5186	140	56305	2923284270
20210421	21:00:53	0	5186	57	2955970.0	1492646	5188	5185	507	5186	110	56362	2926240240
20210421	21:00:53	500	5186	152	7881650.0	1492649	5188	5185	403	5186	71	56514	2934121890
20210421	21:00:54	0	5185	573	29711620.0	1492806	5188	5184	118	5186	8	57087	2963833510
20210421	21:00:54	500	5185	87	4510950.0	1492815	5188	5184	123	5185	75	57174	2968344460
20210421	21:00:55	0	5185	148	7673590.0	1492818	5188	5184	141	5186	482	57322	2976018050
20210421	21:00:55	500	5185	232	12027150.0	1492795	5188	5183	218	5185	26	57554	2988045200
20210421	21:00:56	0	5184	74	3836870.0	1492800	5188	5184	1	5185	102	57628	2991882070
20210421	21:00:56	500	5185	104	5391880.0	1492813	5188	5184	17	5185	65	57732	2997273950
20210421	21:00:57	0	5184	193	10005320.0	1492737	5188	5183	213	5184	6	57925	3007279270
20210421	21:00:57	500	5184	74	3836700.0	1492773	5188	5184	21	5185	112	57999	3011115970
20210421	21:00:58	0	5185	140	7257960.0	1492824	5188	5183	269	5185	68	58139	3018373930
20210421	21:00:58	500	5184	194	10055740.0	1492913	5188	5183	148	5184	213	58333	3028429670
20210421	21:00:59	0	5184	105	5442850.0	1492891	5188	5183	116	5184	156	58438	3033872520
20210421	21:00:59	500	5184	129	6686770.0	1492878	5188	5183	61	5184	207	58567	3040559290
20210421	21:01:00	0	5184	150	7775180.0	1492897	5188	5182	344	5184	175	58717	3048334470
20210421	21:01:00	500	5183	360	18656760.0	1492868	5188	5182	145	5183	27	59077	3066991230
20210421	21:01:01	0	5182	807	41820490.0	1492908	5188	5181	75	5182	6	59884	3108811720
20210421	21:01:01	500	5182	279	14455590.0	1492876	5188	5180	818	5182	134	60163	3123267310
20210421	21:01:02	0	5181	205	10620400.0	1492927	5188	5181	11	5182	117	60368	3133887710
20210421	21:01:02	500	5181	174	9014170.0	1493043	5188	5180	675	5181	33	60542	3142901880
20210421	21:01:03	0	5181	156	8082380.0	1493000	5188	5181	4	5182	132	60698	3150984260
20210421	21:01:03	500	5182	296	15336600.0	1492933	5188	5182	332	5183	163	60994	3166320860
20210421	21:01:04	0	5182	245	12697520.0	1492828	5188	5183	3	5184	163	61239	3179018380
20210421	21:01:04	500	5183	109	5649360.0	1492851	5188	5183	120	5184	166	61348	3184667740
20210421	21:01:05	0	5183	281	14566120.0	1492894	5188	5183	136	5185	172	61629	3199233860
20210421	21:01:05	500	5184	25	1296070.0	1492908	5188	5184	27	5185	168	61654	3200529930
20210421	21:01:06	0	5185	208	10784520.0	1493025	5188	5184	158	5186	195	61862	3211314450
20210421	21:01:06	500	5186	69	3577470.0	1493060	5188	5185	51	5186	214	61931	3214891920
20210421	21:01:07	0	5185	155	8037250.0	1493142	5188	5185	16	5186	177	62086	3222929170
20210421	21:01:07	500	5186	155	8037220.0	1493170	5188	5185	41	5186	129	62241	3230966390
20210421	21:01:08	0	5185	173	8970200.0	1493207	5188	5184	189	5185	3	62414	3239936590
20210421	21:01:08	500	5185	134	6948000.0	1493190	5188	5185	70	5186	126	62548	3246884590
20210421	21:01:09	0	5186	417	21622170.0	1493163	5188	5185	13	5186	31	62965	3268506760
20210421	21:01:09	500	5185	47	2437260.0	1493149	5188	5185	146	5186	95	63012	3270944020
20210421	21:01:10	0	5186	168	8712480.0	1493216	5188	5186	165	5187	198	63180	3279656500
20210421	21:01:10	500	5186	223	11564820.0	1493231	5188	5185	229	5187	349	63403	3291221320
20210421	21:01:11	0	5186	174	9023490.0	1493230	5188	5185	203	5186	21	63577	3300244810
20210421	21:01:11	500	5186	233	12083100.0	1493255	5188	5185	139	5186	146	63810	3312327910
20210421	21:01:12	0	5186	65	3370600.0	1493236	5188	5185	100	5186	124	63875	3315698510
20210421	21:01:12	500	5187	170	8816160.0	1493260	5188	5185	135	5187	197	64045	3324514670
20210421	21:01:13	0	5187	40	2074560.0	1493256	5188	5186	91	5187	189	64085	3326589230
20210421	21:01:13	500	5186	290	15039430.0	1493238	5188	5185	115	5186	17	64375	3341628660
20210421	21:01:14	0	5186	83	4304320.0	1493245	5188	5186	2	5187	176	64458	3345932980
20210421	21:01:14	500	5187	208	10787570.0	1493339	5188	5186	81	5187	121	64666	3356720550
20210421	21:01:15	0	5187	183	9491850.0	1493446	5188	5187	6	5188	288	64849	3366212400
20210421	21:01:15	500	5188	61	3163890.0	1493459	5188	5187	15	5188	284	64910	3369376290
20210421	21:01:16	0	5187	55	2852810.0	1493470	5188	5187	86	5188	285	64965	3372229100
20210421	21:01:16	500	5187	217	11256690.0	1493611	5188	5186	391	5187	48	65182	3383485790
20210421	21:01:17	0	5188	223	11568040.0	1493758	5188	5186	415	5187	1	65405	3395053830
20210421	21:01:17	500	5188	128	6639450.0	1493802	5188	5187	155	5188	121	65533	3401693280
20210421	21:01:18	0	5188	147	7626000.0	1493791	5188	5187	150	5188	5	65680	3409319280
20210421	21:01:18	500	5188	26	1348820.0	1493806	5188	5188	11	5189	214	65706	3410668100
20210421	21:01:19	0	5187	424	21992350.0	1494152	5188	5186	297	5187	8	66130	3432660450
20210421	21:01:19	500	5188	160	8299810.0	1494183	5188	5187	174	5188	42	66290	3440960260
20210421	21:01:20	0	5188	177	9181920.0	1494221	5188	5187	119	5188	59	66467	3450142180
20210421	21:01:20	500	5188	203	10531470.0	1494116	5188	5188	113	5189	216	66670	3460673650
20210421	21:01:21	0	5189	28	1452670.0	1494112	5188	5188	126	5189	219	66698	3462126320
20210421	21:01:21	500	5189	49	2542230.0	1494114	5188	5188	108	5189	211	66747	3464668550
20210421	21:01:22	0	5188	72	3735740.0	1494128	5188	5188	127	5189	186	66819	3468404290
20210421	21:01:22	500	5189	236	12245760.0	1494236	5188	5188	175	5189	14	67055	3480650050
20210421	21:01:23	0	5189	70	3632280.0	1494255	5188	5188	188	5189	51	67125	3484282330
20210421	21:01:23	500	5188	109	5655790.0	1494255	5188	5188	177	5189	7	67234	3489938120
20210421	21:01:24	0	5188	90	4669540.0	1494238	5188	5188	222	5189	248	67324	3494607660
20210421	21:01:24	500	5189	273	14165920.0	1494332	5188	5189	4	5190	436	67597	3508773580
20210421	21:01:25	0	5189	163	8458130.0	1494307	5188	5189	45	5190	428	67760	3517231710
20210421	21:01:25	500	5189	69	3580410.0	1494318	5188	5189	171	5190	440	67829	3520812120
20210421	21:01:26	0	5191	522	27091030.0	1494643	5188	5190	244	5191	187	68351	3547903150
20210421	21:01:26	500	5190	210	10900510.0	1494674	5188	5190	248	5191	35	68561	3558803660
20210421	21:01:27	0	5191	170	8824670.0	1494714	5188	5191	26	5192	141	68731	3567628330
20210421	21:01:27	500	5190	216	11211570.0	1494764	5188	5190	120	5191	2	68947	3578839900
20210421	21:01:28	0	5191	198	10276680.0	1494745	5188	5190	18	5191	254	69145	3589116580
20210421	21:01:28	500	5190	128	6643110.0	1494716	5188	5189	282	5190	397	69273	3595759690
20210421	21:01:29	0	5189	301	15618900.0	1494716	5188	5188	242	5189	12	69574	3611378590
20210421	21:01:29	500	5190	523	27142010.0	1494905	5188	5188	196	5189	2	70097	3638520600
20210421	21:01:30	0	5190	67	3477250.0	1494946	5188	5190	16	5191	227	70164	3641997850
20210421	21:01:30	500	5190	174	9030770.0	1494831	5188	5190	64	5191	190	70338	3651028620
20210421	21:01:31	0	5190	125	6487660.0	1494889	5188	5190	15	5191	234	70463	3657516280
20210421	21:01:31	500	5190	31	1608860.0	1494891	5188	5189	287	5190	45	70494	3659125140
20210421	21:01:32	0	5190	43	2231670.0	1494913	5188	5189	264	5190	87	70537	3661356810
20210421	21:01:32	500	5190	47	2439190.0	1494939	5188	5189	271	5190	371	70584	3663796000
20210421	21:01:33	0	5190	452	23455870.0	1494789	5188	5188	321	5189	1	71036	3687251870
20210421	21:01:33	500	5189	67	3476520.0	1494805	5188	5188	324	5189	64	71103	3690728390
20210421	21:01:34	0	5188	85	4410640.0	1494817	5188	5188	332	5189	244	71188	3695139030
20210421	21:01:34	500	5189	283	14685020.0	1494783	5188	5188	333	5189	1	71471	3709824050
20210421	21:01:35	0	5189	343	17796610.0	1494718	5188	5188	142	5189	19	71814	3727620660
20210421	21:01:35	500	5189	122	6330790.0	1494797	5188	5189	546	5190	228	71936	3733951450
20210421	21:01:36	0	5190	634	32907610.0	1495032	5188	5190	36	5191	24	72570	3766859060
20210421	21:01:36	500	5192	160	8304920.0	1495100	5188	5191	3	5192	360	72730	3775163980
20210421	21:01:37	0	5191	147	7631010.0	1495101	5188	5191	8	5192	333	72877	3782794990
20210421	21:01:37	500	5190	50	2595250.0	1495133	5188	5190	306	5192	332	72927	3785390240
20210421	21:01:38	0	5191	127	6593320.0	1495182	5188	5191	11	5192	274	73054	3791983560
20210421	21:01:38	500	5191	85	4412330.0	1495157	5188	5190	297	5191	15	73139	3796395890
20210421	21:01:39	0	5191	113	5865750.0	1495101	5188	5191	127	5192	310	73252	3802261640
20210421	21:01:39	500	5192	504	26166120.0	1495138	5188	5192	208	5193	379	73756	3828427760
20210421	21:01:40	0	5192	326	16926560.0	1495165	5188	5191	57	5193	309	74082	3845354320
20210421	21:01:40	500	5193	531	27575090.0	1495401	5188	5193	191	5194	166	74613	3872929410
20210421	21:01:41	0	5195	648	33659870.0	1495534	5188	5195	136	5196	247	75261	3906589280
20210421	21:01:41	500	5195	492	25560880.0	1495711	5188	5194	32	5196	46	75753	3932150160
20210421	21:01:42	0	5197	181	9403760.0	1495715	5188	5196	534	5197	145	75934	3941553920
20210421	21:01:42	500	5196	536	27855680.0	1495733	5188	5196	478	5198	342	76470	3969409600
20210421	21:01:43	0	5199	677	35191960.0	1495920	5188	5198	165	5199	100	77147	4004601560
20210421	21:01:43	500	5199	870	45235610.0	1496423	5188	5199	403	5200	444	78017	4049837170
20210421	21:01:44	0	5199	1047	54443150.0	1497088	5188	5199	276	5200	4	79064	4104280320
20210421	21:01:44	500	5200	580	30158940.0	1496917	5188	5200	145	5201	166	79644	4134439260
20210421	21:01:45	0	5202	3276	170382560.0	1496209	5188	5201	21	5202	1	82920	4304821820
20210421	21:01:45	500	5203	1183	61552380.0	1496267	5188	5202	438	5204	87	84103	4366374200
20210421	21:01:46	0	5202	903	46984800.0	1496266	5188	5203	3	5204	86	85006	4413359000
20210421	21:01:46	500	5203	611	31785940.0	1496094	5188	5202	27	5203	461	85617	4445144940
20210421	21:01:47	0	5200	1067	55487370.0	1496677	5188	5199	73	5200	19	86684	4500632310
20210421	21:01:47	500	5199	503	26149110.0	1496734	5188	5198	28	5199	308	87187	4526781420
20210421	21:01:48	0	5198	339	17621040.0	1496901	5188	5197	90	5198	42	87526	4544402460
20210421	21:01:48	500	5197	577	29993100.0	1497074	5188	5196	345	5198	30	88103	4574395560
20210421	21:01:49	0	5197	268	13929400.0	1497042	5188	5197	515	5199	139	88371	4588324960
20210421	21:01:49	500	5199	367	19079990.0	1496813	5188	5198	108	5199	6	88738	4607404950
20210421	21:01:50	0	5199	102	5303070.0	1496862	5188	5199	173	5200	509	88840	4612708020
20210421	21:01:50	500	5199	381	19807300.0	1497120	5188	5198	109	5199	61	89221	4632515320
20210421	21:01:51	0	5199	346	17986600.0	1497242	5188	5198	75	5199	77	89567	4650501920
20210421	21:01:51	500	5200	215	11177720.0	1497239	5188	5198	116	5200	505	89782	4661679640
20210421	21:01:52	0	5199	216	11228890.0	1497192	5188	5198	86	5199	37	89998	4672908530
20210421	21:01:52	500	5198	201	10449190.0	1497256	5188	5198	111	5199	164	90199	4683357720
20210421	21:01:53	0	5199	270	14035200.0	1497425	5188	5198	18	5199	163	90469	4697392920
20210421	21:01:53	500	5198	58	3014830.0	1497418	5188	5197	124	5198	52	90527	4700407750
20210421	21:01:54	0	5199	172	8940540.0	1497463	5188	5198	5	5199	182	90699	4709348290
20210421	21:01:54	500	5199	319	16584190.0	1497291	5188	5199	24	5200	505	91018	4725932480
20210421	21:01:55	0	5200	130	6758940.0	1497323	5188	5198	157	5200	501	91148	4732691420
20210421	21:01:55	500	5199	84	4367070.0	1497348	5188	5198	157	5199	28	91232	4737058490
20210421	21:01:56	0	5199	275	14298600.0	1497501	5188	5198	201	5199	10	91507	4751357090
20210421	21:01:56	500	5200	473	24595210.0	1497417	5188	5200	29	5201	435	91980	4775952300
20210421	21:01:57	0	5200	76	3952020.0	1497406	5188	5200	92	5201	446	92056	4779904320
20210421	21:01:57	500	5200	123	6396670.0	1497411	5188	5200	114	5201	336	92179	4786300990
20210421	21:01:58	0	5201	415	21584220.0	1497139	5188	5201	154	5202	475	92594	4807885210
20210421	21:01:58	500	5202	469	24394340.0	1497116	5188	5200	214	5202	253	93063	4832279550
20210421	21:01:59	0	5202	91	4733070.0	1497152	5188	5201	33	5202	237	93154	4837012620
20210421	21:01:59	500	5200	199	10350320.0	1497242	5188	5200	225	5201	11	93353	4847362940
20210421	21:02:00	0	5201	93	4836560.0	1497275	5188	5200	301	5201	156	93446	4852199500
20210421	21:02:00	500	5201	305	15863540.0	1497265	5188	5201	24	5202	202	93751	4868063040
20210421	21:02:01	0	5201	223	11598950.0	1497359	5188	5201	56	5202	137	93974	4879661990
20210421	21:02:01	500	5201	158	8218320.0	1497431	5188	5201	101	5202	106	94132	4887880310
20210421	21:02:02	0	5203	534	27781830.0	1497734	5188	5203	68	5204	292	94666	4915662140
20210421	21:02:02	500	5203	340	17688230.0	1497854	5188	5202	22	5203	124	95006	4933350370
20210421	21:02:03	0	5203	264	13734650.0	1497904	5188	5203	1	5204	283	95270	4947085020
20210421	21:02:03	500	5205	532	27683660.0	1498196	5188	5204	80	5205	1030	95802	4974768680
20210421	21:02:04	0	5204	1755	91342340.0	1497750	5188	5204	4	5205	17	97557	5066111020
20210421	21:02:04	500	5205	347	18060530.0	1497885	5188	5205	22	5206	724	97904	5084171550
20210421	21:02:05	0	5205	853	44404190.0	1497735	5188	5205	197	5206	124	98757	5128575740
20210421	21:02:05	500	5206	807	42009110.0	1497622	5188	5205	81	5207	1067	99564	5170584850
20210421	21:02:06	0	5205	720	37476290.0	1497832	5188	5204	656	5205	98	100284	5208061140
20210421	21:02:06	500	5205	1033	53759940.0	1498062	5188	5204	17	5205	68	101317	5261821080
20210421	21:02:07	0	5204	447	23258860.0	1498063	5188	5203	473	5204	344	101764	5285079940
20210421	21:02:07	500	5204	1199	62390090.0	1498892	5188	5202	245	5204	29	102963	5347470030
20210421	21:02:08	0	5202	305	15871190.0	1498903	5188	5202	237	5204	170	103268	5363341220
20210421	21:02:08	500	5204	231	12019190.0	1498985	5188	5203	7	5204	162	103499	5375360410
20210421	21:02:09	0	5202	158	8220960.0	1499091	5188	5203	12	5204	215	103657	5383581370
20210421	21:02:09	500	5204	417	21699420.0	1499189	5188	5204	102	5205	455	104074	5405280790
20210421	21:02:10	0	5203	230	11968050.0	1499217	5188	5202	140	5203	11	104304	5417248840
20210421	21:02:10	500	5203	137	7128450.0	1499233	5188	5203	70	5204	100	104441	5424377290
20210421	21:02:11	0	5204	115	5984000.0	1499269	5188	5203	91	5204	206	104556	5430361290
20210421	21:02:11	500	5204	621	32319880.0	1499545	5188	5204	3	5205	126	105177	5462681170
20210421	21:02:12	0	5204	154	8014470.0	1499565	5188	5204	359	5205	130	105331	5470695640
20210421	21:02:12	500	5205	217	11294840.0	1499524	5188	5205	10	5206	287	105548	5481990480
20210421	21:02:13	0	5204	297	15458430.0	1499655	5188	5204	587	5205	1	105845	5497448910
20210421	21:02:13	500	5205	243	12646470.0	1499735	5188	5204	530	5205	27	106088	5510095380
20210421	21:02:14	0	5205	415	21596930.0	1499872	5188	5204	158	5205	189	106503	5531692310
20210421	21:02:14	500	5204	463	24095920.0	1500073	5188	5203	569	5205	122	106966	5555788230
20210421	21:02:15	0	5204	173	9003760.0	1500173	5188	5204	15	5205	125	107139	5564791990
20210421	21:02:15	500	5205	269	14001500.0	1500206	5188	5205	74	5206	453	107408	5578793490
20210421	21:02:16	0	5205	176	9160560.0	1500283	5188	5205	7	5206	454	107584	5587954050
20210421	21:02:16	500	5205	806	41956880.0	1500157	5188	5205	15	5206	1	108390	5629910930
20210421	21:02:17	0	5206	158	8225600.0	1500105	5188	5206	36	5207	1173	108548	5638136530
20210421	21:02:17	500	5206	211	10984750.0	1500242	5188	5205	432	5207	1179	108759	5649121280
20210421	21:02:18	0	5206	254	13224350.0	1500229	5188	5206	256	5207	1068	109013	5662345630
20210421	21:02:18	500	5206	189	9840630.0	1500183	5188	5206	270	5207	953	109202	5672186260
20210421	21:02:19	0	5205	1045	54408410.0	1499993	5188	5205	382	5206	53	110247	5726594670
20210421	21:02:19	500	5207	939	48886270.0	1500361	5188	5206	3	5207	24	111186	5775480940
20210421	21:02:20	0	5207	374	19474670.0	1500442	5188	5206	63	5208	1417	111560	5794955610
20210421	21:02:20	500	5205	206	10725510.0	1500527	5188	5205	195	5207	22	111766	5805681120
20210421	21:02:21	0	5205	464	24153280.0	1500337	5188	5204	164	5205	77	112230	5829834400
20210421	21:02:21	500	5205	611	31803340.0	1499924	5188	5204	189	5206	107	112841	5861637740
20210421	21:02:22	0	5206	150	7808630.0	1499960	5188	5205	25	5206	119	112991	5869446370
20210421	21:02:22	500	5205	213	11087170.0	1500036	5188	5205	11	5206	137	113204	5880533540
20210421	21:02:23	0	5204	120	6246170.0	1500110	5188	5204	139	5206	157	113324	5886779710
20210421	21:02:23	500	5206	159	8276900.0	1500172	5188	5205	9	5206	82	113483	5895056610
20210421	21:02:24	0	5206	389	20253390.0	1500184	5188	5205	400	5207	88	113872	5915310000
20210421	21:02:24	500	5207	221	11506670.0	1500176	5188	5207	3	5208	1504	114093	5926816670
20210421	21:02:25	0	5207	158	8227810.0	1500134	5188	5207	18	5208	1471	114251	5935044480
20210421	21:02:25	500	5208	78	4061560.0	1500151	5188	5207	221	5208	1463	114329	5939106040
20210421	21:02:26	0	5208	715	37236180.0	1500153	5188	5207	185	5208	844	115044	5976342220
20210421	21:02:26	500	5208	973	50673970.0	1499929	5188	5208	157	5209	418	116017	6027016190
20210421	21:02:27	0	5208	237	12344150.0	1499946	5188	5208	252	5209	305	116254	6039360340
20210421	21:02:27	500	5208	228	11875480.0	1499971	5188	5208	201	5209	192	116482	6051235820
20210421	21:02:28	0	5208	97	5052200.0	1500049	5188	5208	200	5209	187	116579	6056288020
20210421	21:02:28	500	5208	283	14740100.0	1500194	5188	5208	99	5209	133	116862	6071028120
20210421	21:02:29	0	5209	258	13436760.0	1500211	5188	5208	2	5209	153	117120	6084464880
20210421	21:02:29	500	5209	798	41569170.0	1500066	5188	5208	11	5209	4	117918	6126034050
20210421	21:02:30	0	5209	427	22244980.0	1500162	5188	5209	174	5210	465	118345	6148279030
20210421	21:02:30	500	5210	1004	52309960.0	1500383	5188	5210	15	5211	2	119349	6200588990
20210421	21:02:31	0	5211	572	29811970.0	1500508	5188	5211	310	5213	113	119921	6230400960
20210421	21:02:31	500	5211	405	21110640.0	1500533	5188	5211	353	5212	5	120326	6251511600
20210421	21:02:32	0	5211	971	50602150.0	1500398	5188	5211	6	5212	103	121297	6302113750
20210421	21:02:32	500	5211	593	30901080.0	1500514	5188	5210	306	5211	132	121890	6333014830
20210421	21:02:33	0	5211	324	16883640.0	1500507	5188	5211	45	5212	502	122214	6349898470
20210421	21:02:33	500	5212	712	37102750.0	1500837	5188	5211	114	5212	436	122926	6387001220
20210421	21:02:34	0	5212	377	19646540.0	1500750	5188	5211	1	5212	339	123303	6406647760
20210421	21:02:34	500	5211	851	44353270.0	1501107	5188	5211	6	5212	3	124154	6451001030
20210421	21:02:35	0	5212	150	7818010.0	1501128	5188	5212	172	5213	313	124304	6458819040
20210421	21:02:35	500	5213	694	36180410.0	1501310	5188	5213	18	5214	16	124998	6494999450
20210421	21:02:36	0	5214	257	13400140.0	1501298	5188	5214	31	5215	204	125255	6508399590
20210421	21:02:36	500	5214	369	19239900.0	1501329	5188	5213	182	5214	31	125624	6527639490
20210421	21:02:37	0	5214	129	6726410.0	1501401	5188	5214	86	5215	147	125753	6534365900
20210421	21:02:37	500	5213	308	16059710.0	1501602	5188	5213	230	5215	74	126061	6550425610
20210421	21:02:38	0	5214	262	13662040.0	1501607	5188	5214	67	5215	145	126323	6564087650
20210421	21:02:38	500	5213	545	28414340.0	1501856	5188	5212	416	5213	619	126868	6592501990
20210421	21:02:39	0	5213	1479	77087520.0	1502710	5188	5212	1	5213	204	128347	6669589510
20210421	21:02:39	500	5212	190	9902780.0	1502693	5188	5211	41	5212	48	128537	6679492290
20210421	21:02:40	0	5213	318	16574130.0	1502655	5188	5212	15	5213	293	128855	6696066420
20210421	21:02:40	500	5212	199	10373140.0	1502762	5188	5212	44	5213	152	129054	6706439560
20210421	21:02:41	0	5213	333	17358300.0	1502831	5188	5213	2	5214	156	129387	6723797860
20210421	21:02:41	500	5212	211	10997560.0	1502890	5188	5211	178	5212	278	129598	6734795420
20210421	21:02:42	0	5212	214	11153530.0	1503079	5188	5211	189	5212	142	129812	6745948950
20210421	21:02:42	500	5213	198	10319820.0	1503131	5188	5212	37	5213	141	130010	6756268770
20210421	21:02:43	0	5211	165	8599460.0	1503148	5188	5211	146	5212	7	130175	6764868230
20210421	21:02:43	500	5211	204	10632560.0	1503099	5188	5211	161	5212	1	130379	6775500790
20210421	21:02:44	0	5212	171	8912070.0	1503023	5188	5211	141	5212	13	130550	6784412860
20210421	21:02:44	500	5212	100	5211400.0	1503017	5188	5211	61	5212	634	130650	6789624260
20210421	21:02:45	0	5211	519	27042190.0	1503277	5188	5209	255	5211	349	131169	6816666450
20210421	21:02:45	500	5209	837	43599660.0	1503220	5188	5207	31	5209	45	132006	6860266110
20210421	21:02:46	0	5210	381	19846720.0	1503099	5188	5208	97	5210	107	132387	6880112830
20210421	21:02:46	500	5210	845	44007480.0	1502673	5188	5209	815	5210	40	133232	6924120310
20210421	21:02:47	0	5210	134	6981570.0	1502605	5188	5210	161	5211	275	133366	6931101880
20210421	21:02:47	500	5209	659	34328880.0	1502097	5188	5209	372	5210	19	134025	6965430760
20210421	21:02:48	0	5209	434	22606880.0	1502155	5188	5208	28	5209	202	134459	6988037640
20210421	21:02:48	500	5208	401	20883060.0	1502210	5188	5206	240	5208	19	134860	7008920700
20210421	21:02:49	0	5208	1105	57544580.0	1501780	5188	5207	98	5208	2	135965	7066465280
20210421	21:02:49	500	5208	142	7395970.0	1501817	5188	5208	164	5209	52	136107	7073861250
20210421	21:02:50	0	5209	121	6303000.0	1501816	5188	5209	90	5210	262	136228	7080164250
20210421	21:02:50	500	5210	854	44485150.0	1501584	5188	5210	20	5211	319	137082	7124649400
20210421	21:02:51	0	5210	731	38084790.0	1501600	5188	5210	5	5211	226	137813	7162734190
20210421	21:02:51	500	5209	492	25631230.0	1501540	5188	5208	87	5209	235	138305	7188365420
20210421	21:02:52	0	5209	416	21670000.0	1501369	5188	5209	16	5210	68	138721	7210035420
20210421	21:02:52	500	5210	188	9794420.0	1501450	5188	5210	168	5211	192	138909	7219829840
20210421	21:02:53	0	5210	94	4897940.0	1501422	5188	5210	180	5211	108	139003	7224727780
20210421	21:02:53	500	5210	161	8388720.0	1501423	5188	5210	95	5211	66	139164	7233116500
20210421	21:02:54	0	5211	347	18081910.0	1501537	5188	5211	171	5212	701	139511	7251198410
20210421	21:02:54	500	5211	814	42425320.0	1501868	5188	5211	245	5212	1	140325	7293623730
20210421	21:02:55	0	5212	263	13708130.0	1501947	5188	5212	445	5213	217	140588	7307331860
20210421	21:02:55	500	5212	554	28880200.0	1502169	5188	5212	320	5213	1	141142	7336212060
20210421	21:02:56	0	5212	338	17616950.0	1502222	5188	5212	25	5213	26	141480	7353829010
20210421	21:02:56	500	5212	227	11830840.0	1502204	5188	5211	241	5212	163	141707	7365659850
20210421	21:02:57	0	5212	414	21575200.0	1502485	5188	5210	138	5211	1	142121	7387235050
20210421	21:02:57	500	5212	152	7921240.0	1502546	5188	5211	51	5212	110	142273	7395156290
20210421	21:02:58	0	5211	101	5263590.0	1502559	5188	5211	19	5212	101	142374	7400419880
20210421	21:02:58	500	5212	361	18814230.0	1502740	5188	5212	163	5213	264	142735	7419234110
20210421	21:02:59	0	5211	294	15323260.0	1502730	5188	5210	145	5211	465	143029	7434557370
20210421	21:02:59	500	5211	229	11931290.0	1502686	5188	5209	175	5210	15	143258	7446488660
20210421	21:03:00	0	5210	199	10368740.0	1502697	5188	5210	216	5211	506	143457	7456857400
20210421	21:03:00	500	5211	487	25377030.0	1502673	5188	5210	795	5211	61	143944	7482234430
20210421	21:03:01	0	5211	464	24180580.0	1502807	5188	5212	11	5213	163	144408	7506415010
20210421	21:03:01	500	5213	226	11780830.0	1502944	5188	5212	188	5213	11	144634	7518195840
20210421	21:03:02	0	5213	230	11989880.0	1502983	5188	5212	345	5214	318	144864	7530185720
20210421	21:03:02	500	5213	185	9643130.0	1502984	5188	5213	42	5214	334	145049	7539828850
20210421	21:03:03	0	5214	137	7142300.0	1503049	5188	5212	603	5214	288	145186	7546971150
20210421	21:03:03	500	5213	118	6151110.0	1503075	5188	5212	590	5213	35	145304	7553122260
20210421	21:03:04	0	5213	270	14076400.0	1503221	5188	5213	218	5214	183	145574	7567198660
20210421	21:03:04	500	5214	545	28415820.0	1503585	5188	5214	46	5215	642	146119	7595614480
20210421	21:03:05	0	5215	595	31025420.0	1503899	5188	5214	146	5215	319	146714	7626639900
20210421	21:03:05	500	5215	440	22945310.0	1504011	5188	5215	37	5216	756	147154	7649585210
20210421	21:03:06	0	5216	458	23888080.0	1504128	5188	5215	263	5216	422	147612	7673473290
20210421	21:03:06	500	5216	522	27227680.0	1504473	5188	5216	80	5217	253	148134	7700700970
20210421	21:03:07	0	5216	154	8033250.0	1504514	5188	5216	134	5217	192	148288	7708734220
20210421	21:03:07	500	5217	373	19454730.0	1504685	5188	5216	197	5217	277	148661	7728188950
20210421	21:03:08	0	5216	907	47305730.0	1504929	5188	5215	9	5216	387	149568	7775494680
20210421	21:03:08	500	5215	113	5892780.0	1504963	5188	5214	324	5215	269	149681	7781387460
20210421	21:03:09	0	5215	157	8187540.0	1504976	5188	5214	305	5215	270	149838	7789575000
20210421	21:03:09	500	5215	723	37702310.0	1504982	5188	5214	107	5215	53	150561	7827277310
20210421	21:03:10	0	5215	145	7561600.0	1505028	5188	5215	3	5216	637	150706	7834838910
20210421	21:03:10	500	5213	235	12253620.0	1505134	5188	5213	99	5214	12	150941	7847092530
20210421	21:03:11	0	5214	237	12357650.0	1505213	5188	5213	97	5214	8	151178	7859450180
20210421	21:03:11	500	5214	133	6935220.0	1505291	5188	5214	22	5215	226	151311	7866385400
20210421	21:03:12	0	5215	373	19451270.0	1505244	5188	5214	48	5215	27	151684	7885836670
20210421	21:03:12	500	5215	197	10274040.0	1505208	5188	5215	2	5216	719	151881	7896110710
20210421	21:03:13	0	5215	305	15905000.0	1505261	5188	5214	23	5215	20	152186	7912015710
20210421	21:03:13	500	5215	388	20233330.0	1505322	5188	5214	11	5215	23	152574	7932249040
20210421	21:03:14	0	5215	168	8760690.0	1505352	5188	5214	81	5215	159	152742	7941009730
20210421	21:03:14	500	5214	213	11106980.0	1505516	5188	5213	160	5214	131	152955	7952116710
20210421	21:03:15	0	5214	385	20075920.0	1505745	5188	5214	93	5215	7	153340	7972192630
20210421	21:03:15	500	5214	172	8969490.0	1505838	5188	5214	154	5215	24	153512	7981162120
20210421	21:03:16	0	5214	254	13243920.0	1505817	5188	5213	191	5214	130	153766	7994406040
20210421	21:03:16	500	5214	256	13348360.0	1505848	5188	5214	23	5215	97	154022	8007754400
20210421	21:03:17	0	5216	198	10325950.0	1505902	5188	5215	2	5216	759	154220	8018080350
20210421	21:03:17	500	5215	244	12724210.0	1506029	5188	5214	124	5215	14	154464	8030804560
20210421	21:03:18	0	5214	62	3233090.0	1506037	5188	5214	159	5215	137	154526	8034037650
20210421	21:03:18	500	5214	187	9751840.0	1506049	5188	5214	161	5215	501	154713	8043789490
20210421	21:03:19	0	5214	262	13660970.0	1505985	5188	5213	198	5214	36	154975	8057450460
20210421	21:03:19	500	5214	98	5109800.0	1506011	5188	5213	201	5214	7	155073	8062560260
20210421	21:03:20	0	5214	98	5109510.0	1506054	5188	5213	190	5214	30	155171	8067669770
20210421	21:03:20	500	5214	226	11784640.0	1506109	5188	5213	156	5214	4	155397	8079454410
20210421	21:03:21	0	5215	77	4015300.0	1506122	5188	5214	160	5215	465	155474	8083469710
20210421	21:03:21	500	5214	261	13609350.0	1506111	5188	5213	178	5215	414	155735	8097079060
20210421	21:03:22	0	5214	54	2815550.0	1506112	5188	5214	24	5215	430	155789	8099894610
20210421	21:03:22	500	5215	247	12879420.0	1506183	5188	5214	2	5215	495	156036	8112774030
20210421	21:03:23	0	5214	137	7143940.0	1506220	5188	5214	17	5215	430	156173	8119917970
20210421	21:03:23	500	5214	486	25344460.0	1506572	5188	5214	143	5215	19	156659	8145262430
20210421	21:03:24	0	5215	272	14184990.0	1506569	5188	5215	239	5216	932	156931	8159447420
20210421	21:03:24	500	5215	657	34264970.0	1506458	5188	5215	1	5216	710	157588	8193712390
20210421	21:03:25	0	5215	109	5684280.0	1506476	5188	5215	26	5216	714	157697	8199396670
20210421	21:03:25	500	5215	315	16427410.0	1506632	5188	5214	338	5215	4	158012	8215824080
20210421	21:03:26	0	5215	173	9021950.0	1506679	5188	5215	32	5216	624	158185	8224846030
20210421	21:03:26	500	5215	494	25763480.0	1506943	5188	5214	146	5215	94	158679	8250609510
20210421	21:03:27	0	5214	94	4901880.0	1507025	5188	5214	98	5215	111	158773	8255511390
20210421	21:03:27	500	5215	410	21380500.0	1507251	5188	5214	61	5215	87	159183	8276891890
20210421	21:03:28	0	5214	181	9438310.0	1507371	5188	5214	29	5215	109	159364	8286330200
20210421	21:03:28	500	5215	500	26068770.0	1507323	5188	5214	23	5215	85	159864	8312398970
20210421	21:03:29	0	5214	108	5631110.0	1507338	5188	5213	44	5214	82	159972	8318030080
20210421	21:03:29	500	5214	374	19501760.0	1507460	5188	5214	13	5215	149	160346	8337531840
20210421	21:03:30	0	5215	159	8291550.0	1507547	5188	5214	84	5215	84	160505	8345823390
20210421	21:03:30	500	5214	232	12097500.0	1507529	5188	5213	127	5214	229	160737	8357920890
20210421	21:03:31	0	5214	86	4483400.0	1507582	5188	5213	76	5214	335	160823	8362404290
20210421	21:03:31	500	5214	215	11208510.0	1507656	5188	5212	141	5214	312	161038	8373612800
20210421	21:03:32	0	5213	240	12511370.0	1507604	5188	5212	149	5213	139	161278	8386124170
20210421	21:03:32	500	5212	318	16577730.0	1507643	5188	5212	236	5213	42	161596	8402701900
20210421	21:03:33	0	5213	296	15430970.0	1507731	5188	5212	253	5213	200	161892	8418132870
20210421	21:03:33	500	5212	176	9174200.0	1507887	5188	5212	176	5213	130	162068	8427307070
20210421	21:03:34	0	5212	198	10320900.0	1507966	5188	5212	113	5213	28	162266	8437627970
20210421	21:03:34	500	5212	43	2241390.0	1508000	5188	5212	196	5213	75	162309	8439869360
20210421	21:03:35	0	5212	154	8026910.0	1507998	5188	5212	122	5213	58	162463	8447896270
20210421	21:03:35	500	5213	291	15168150.0	1508062	5188	5212	19	5213	110	162754	8463064420
20210421	21:03:36	0	5212	131	6827730.0	1507959	5188	5212	21	5213	171	162885	8469892150
20210421	21:03:36	500	5212	179	9330630.0	1507953	5188	5212	92	5213	171	163064	8479222780
20210421	21:03:37	0	5212	204	10632430.0	1507846	5188	5212	11	5213	179	163268	8489855210
20210421	21:03:37	500	5212	47	2449660.0	1507860	5188	5211	646	5212	28	163315	8492304870
20210421	21:03:38	0	5212	208	10840720.0	1507955	5188	5211	613	5212	10	163523	8503145590
20210421	21:03:38	500	5211	306	15948630.0	1507917	5188	5211	616	5212	35	163829	8519094220
20210421	21:03:39	0	5212	217	11308470.0	1507838	5188	5211	457	5212	37	164046	8530402690
20210421	21:03:39	500	5210	1100	57314630.0	1507382	5188	5210	61	5211	107	165146	8587717320
20210421	21:03:40	0	5210	359	18703840.0	1507458	5188	5209	191	5210	227	165505	8606421160
20210421	21:03:40	500	5210	117	6095590.0	1507443	5188	5209	172	5210	140	165622	8612516750
20210421	21:03:41	0	5210	417	21727490.0	1507583	5188	5210	8	5211	10	166039	8634244240
20210421	21:03:41	500	5211	99	5159270.0	1507621	5188	5211	9	5212	90	166138	8639403510
20210421	21:03:42	0	5211	49	2553400.0	1507662	5188	5211	167	5212	68	166187	8641956910
20210421	21:03:42	500	5211	132	6878840.0	1507723	5188	5211	125	5212	34	166319	8648835750
20210421	21:03:43	0	5211	142	7399940.0	1507748	5188	5211	263	5212	72	166461	8656235690
20210421	21:03:43	500	5212	184	9589300.0	1507834	5188	5211	206	5213	222	166645	8665824990
20210421	21:03:44	0	5212	68	3543690.0	1507862	5188	5211	167	5212	89	166713	8669368680
20210421	21:03:44	500	5211	120	6253380.0	1507941	5188	5211	352	5212	124	166833	8675622060
20210421	21:03:45	0	5211	88	4585860.0	1508003	5188	5211	289	5212	82	166921	8680207920
20210421	21:03:45	500	5212	759	39552230.0	1507990	5188	5212	83	5213	221	167680	8719760150
20210421	21:03:46	0	5212	288	15010250.0	1507987	5188	5211	11	5212	75	167968	8734770400
20210421	21:03:46	500	5211	184	9588350.0	1508001	5188	5210	277	5212	111	168152	8744358750
20210421	21:03:47	0	5210	318	16568430.0	1507884	5188	5209	232	5210	81	168470	8760927180
20210421	21:03:47	500	5209	20	1041970.0	1507879	5188	5209	213	5210	178	168490	8761969150
20210421	21:03:48	0	5209	303	15783220.0	1507930	5188	5208	200	5209	21	168793	8777752370
20210421	21:03:48	500	5208	98	5104710.0	1507935	5188	5208	220	5209	198	168891	8782857080
20210421	21:03:49	0	5209	96	5000410.0	1507964	5188	5208	193	5209	187	168987	8787857490
20210421	21:03:49	500	5208	92	4791850.0	1507973	5188	5208	159	5209	179	169079	8792649340
20210421	21:03:50	0	5208	248	12916090.0	1508062	5188	5207	176	5208	58	169327	8805565430
20210421	21:03:50	500	5208	124	6457900.0	1508067	5188	5207	162	5208	1	169451	8812023330
20210421	21:03:51	0	5208	99	5155850.0	1508135	5188	5208	3	5209	137	169550	8817179180
20210421	21:03:51	500	5208	336	17498320.0	1508129	5188	5207	83	5208	7	169886	8834677500
20210421	21:03:52	0	5208	95	4947220.0	1508124	5188	5207	96	5208	18	169981	8839624720
20210421	21:03:52	500	5207	180	9372730.0	1508157	5188	5206	239	5207	63	170161	8848997450
20210421	21:03:53	0	5207	235	12235410.0	1507980	5188	5206	157	5207	62	170396	8861232860
20210421	21:03:53	500	5207	198	10308940.0	1507955	5188	5206	115	5207	15	170594	8871541800
20210421	21:03:54	0	5206	143	7446070.0	1507884	5188	5206	95	5208	80	170737	8878987870
20210421	21:03:54	500	5206	122	6351780.0	1507850	5188	5206	94	5207	121	170859	8885339650
20210421	21:03:55	0	5206	117	6091260.0	1507845	5188	5206	110	5207	115	170976	8891430910
20210421	21:03:55	500	5208	172	8956070.0	1507832	5188	5207	17	5208	143	171148	8900386980
20210421	21:03:56	0	5207	179	9320140.0	1507843	5188	5206	163	5207	3	171327	8909707120
20210421	21:03:56	500	5208	59	3072180.0	1507805	5188	5207	135	5208	144	171386	8912779300
20210421	21:03:57	0	5207	69	3592880.0	1507786	5188	5207	158	5208	138	171455	8916372180
20210421	21:03:57	500	5208	111	5780370.0	1507745	5188	5207	166	5208	109	171566	8922152550
20210421	21:03:58	0	5208	187	9738890.0	1507617	5188	5208	2	5209	183	171753	8931891440
20210421	21:03:58	500	5207	367	19111360.0	1507602	5188	5207	85	5208	24	172120	8951002800
20210421	21:03:59	0	5207	70	3645050.0	1507618	5188	5207	131	5208	132	172190	8954647850
20210421	21:03:59	500	5207	222	11561600.0	1507654	5188	5207	142	5208	2	172412	8966209450
20210421	21:04:00	0	5208	83	4322970.0	1507675	5188	5208	132	5209	188	172495	8970532420
20210421	21:04:00	500	5208	173	9011000.0	1507653	5188	5208	217	5209	55	172668	8979543420
20210421	21:04:01	0	5209	147	7657570.0	1507718	5188	5209	90	5210	265	172815	8987200990
20210421	21:04:01	500	5209	199	10365190.0	1507770	5188	5208	175	5209	37	173014	8997566180
20210421	21:04:02	0	5210	148	7708720.0	1507777	5188	5208	127	5210	244	173162	9005274900
20210421	21:04:02	500	5209	68	3541880.0	1507835	5188	5208	136	5209	64	173230	9008816780
20210421	21:04:03	0	5210	110	5729750.0	1507870	5188	5208	180	5210	257	173340	9014546530
20210421	21:04:03	500	5208	71	3698300.0	1507877	5188	5208	170	5209	196	173411	9018244830
20210421	21:04:04	0	5208	88	4583220.0	1507920	5188	5208	386	5209	209	173499	9022828050
20210421	21:04:04	500	5209	311	16199810.0	1507854	5188	5209	31	5210	308	173810	9039027860
20210421	21:04:05	0	5209	203	10574310.0	1507775	5188	5209	30	5210	337	174013	9049602170
20210421	21:04:05	500	5209	215	11199410.0	1507779	5188	5209	30	5210	436	174228	9060801580
20210421	21:04:06	0	5209	176	9166840.0	1507913	5188	5208	389	5209	179	174404	9069968420
20210421	21:04:06	500	5208	144	7500160.0	1507950	5188	5208	322	5209	180	174548	9077468580
20210421	21:04:07	0	5208	437	22759200.0	1508075	5188	5207	242	5208	293	174985	9100227780
20210421	21:04:07	500	5207	280	14579600.0	1508267	5188	5206	296	5207	259	175265	9114807380
20210421	21:04:08	0	5206	197	10256710.0	1508434	5188	5206	175	5207	134	175462	9125064090
20210421	21:04:08	500	5206	61	3176140.0	1508472	5188	5206	166	5207	108	175523	9128240230
20210421	21:04:09	0	5206	35	1822290.0	1508483	5188	5206	149	5207	143	175558	9130062520
20210421	21:04:09	500	5206	98	5102760.0	1508476	5188	5206	164	5207	66	175656	9135165280
20210421	21:04:10	0	5206	57	2967680.0	1508454	5188	5206	150	5207	109	175713	9138132960
20210421	21:04:10	500	5206	50	2603360.0	1508456	5188	5206	150	5207	125	175763	9140736320
20210421	21:04:11	0	5206	206	10724660.0	1508529	5188	5205	396	5206	7	175969	9151460980
20210421	21:04:11	500	5205	112	5830630.0	1508537	5188	5205	391	5206	66	176081	9157291610
20210421	21:04:12	0	5205	302	15719760.0	1508469	5188	5205	146	5206	71	176383	9173011370
20210421	21:04:12	500	5205	135	7027710.0	1508429	5188	5205	128	5206	98	176518	9180039080
20210421	21:04:13	0	5205	331	17226770.0	1508257	5188	5204	26	5205	281	176849	9197265850
20210421	21:04:13	500	5205	67	3486860.0	1508236	5188	5204	222	5205	400	176916	9200752710
20210421	21:04:14	0	5205	793	41274900.0	1508067	5188	5205	80	5206	181	177709	9242027610
20210421	21:04:14	500	5205	106	5517410.0	1508070	5188	5205	77	5206	141	177815	9247545020
20210421	21:04:15	0	5205	259	13481430.0	1507889	5188	5204	320	5205	20	178074	9261026450
20210421	21:04:15	500	5206	91	4736870.0	1507880	5188	5205	275	5206	159	178165	9265763320
20210421	21:04:16	0	5205	206	10723420.0	1507799	5188	5205	251	5206	41	178371	9276486740
20210421	21:04:16	500	5205	52	2706820.0	1507776	5188	5205	238	5206	49	178423	9279193560
20210421	21:04:17	0	5205	106	5517970.0	1507760	5188	5205	238	5206	49	178529	9284711530
20210421	21:04:17	500	5205	87	4528630.0	1507743	5188	5205	180	5206	23	178616	9289240160
20210421	21:04:18	0	5205	282	14678950.0	1507689	5188	5204	307	5205	7	178898	9303919110
20210421	21:04:18	500	5206	62	3227400.0	1507717	5188	5205	45	5206	77	178960	9307146510
20210421	21:04:19	0	5205	153	7963650.0	1507620	5188	5204	329	5205	99	179113	9315110160
20210421	21:04:19	500	5206	127	6610510.0	1507598	5188	5205	1	5206	74	179240	9321720670
20210421	21:04:20	0	5205	243	12648270.0	1507467	5188	5204	338	5205	109	179483	9334368940
20210421	21:04:20	500	5205	351	18269060.0	1507410	5188	5205	2	5206	77	179834	9352638000
20210421	21:04:21	0	5206	130	6766840.0	1507427	5188	5204	256	5205	3	179964	9359404840
20210421	21:04:21	500	5205	167	8692570.0	1507413	5188	5205	21	5206	50	180131	9368097410
20210421	21:04:22	0	5205	123	6402490.0	1507451	5188	5205	46	5206	104	180254	9374499900
20210421	21:04:22	500	5205	110	5725770.0	1507524	5188	5205	178	5206	48	180364	9380225670
20210421	21:04:23	0	5207	266	13847080.0	1507535	5188	5205	177	5207	100	180630	9394072750
20210421	21:04:23	500	5205	267	13897650.0	1507481	5188	5205	8	5206	61	180897	9407970400
20210421	21:04:24	0	5205	121	6298560.0	1507545	5188	5205	11	5206	164	181018	9414268960
20210421	21:04:24	500	5206	228	11868670.0	1507510	5188	5205	64	5206	70	181246	9426137630
20210421	21:04:25	0	5206	160	8329380.0	1507569	5188	5206	15	5207	142	181406	9434467010
20210421	21:04:25	500	5207	99	5154580.0	1507587	5188	5206	326	5207	64	181505	9439621590
20210421	21:04:26	0	5207	97	5050990.0	1507536	5188	5207	619	5208	305	181602	9444672580
20210421	21:04:26	500	5209	602	31355060.0	1507659	5188	5209	42	5210	740	182204	9476027640
20210421	21:04:27	0	5209	502	26152710.0	1508084	5188	5209	115	5210	384	182706	9502180350
20210421	21:04:27	500	5210	621	32353780.0	1507920	5188	5210	180	5211	195	183327	9534534130
20210421	21:04:28	0	5211	326	16985100.0	1507646	5188	5210	1	5211	151	183653	9551519230
20210421	21:04:28	500	5209	164	8543870.0	1507665	5188	5209	220	5210	109	183817	9560063100
20210421	21:04:29	0	5210	169	8805010.0	1507665	5188	5210	29	5211	205	183986	9568868110
20210421	21:04:29	500	5210	87	4532660.0	1507682	5188	5209	194	5210	351	184073	9573400770
20210421	21:04:30	0	5209	312	16250890.0	1507703	5188	5208	1	5209	19	184385	9589651660
20210421	21:04:30	500	5209	190	9895410.0	1507743	5188	5207	97	5209	376	184575	9599547070
20210421	21:04:31	0	5208	84	4374560.0	1507792	5188	5207	151	5208	42	184659	9603921630
20210421	21:04:31	500	5209	348	18126180.0	1507816	5188	5208	353	5209	168	185007	9622047810
20210421	21:04:32	0	5209	174	9063670.0	1507677	5188	5209	112	5210	413	185181	9631111480
20210421	21:04:32	500	5210	26	1354370.0	1507686	5188	5209	143	5210	415	185207	9632465850
20210421	21:04:33	0	5210	236	12293230.0	1507787	5188	5208	86	5209	3	185443	9644759080
20210421	21:04:33	500	5209	72	3750390.0	1507789	5188	5208	136	5209	109	185515	9648509470
20210421	21:04:34	0	5209	545	28392720.0	1508177	5188	5209	1	5210	99	186060	9676902190
20210421	21:04:34	500	5209	21	1093940.0	1508178	5188	5209	293	5210	128	186081	9677996130
20210421	21:04:35	0	5209	38	1979570.0	1508205	5188	5209	321	5210	145	186119	9679975700
20210421	21:04:35	500	5209	58	3021650.0	1508255	5188	5209	369	5210	119	186177	9682997350
20210421	21:04:36	0	5209	36	1875500.0	1508265	5188	5209	381	5210	120	186213	9684872850
20210421	21:04:36	500	5210	96	5001310.0	1508258	5188	5209	366	5210	60	186309	9689874160
20210421	21:04:37	0	5210	70	3646880.0	1508279	5188	5209	368	5210	26	186379	9693521040
20210421	21:04:37	500	5209	377	19638010.0	1508233	5188	5208	138	5209	127	186756	9713159050
20210421	21:04:38	0	5208	238	12395260.0	1508353	5188	5207	212	5209	248	186994	9725554310
20210421	21:04:38	500	5208	27	1406110.0	1508344	5188	5207	179	5208	178	187021	9726960420
20210421	21:04:39	0	5208	368	19164010.0	1508367	5188	5207	54	5208	162	187389	9746124430
20210421	21:04:39	500	5208	72	3749190.0	1508381	5188	5207	2	5208	169	187461	9749873620
20210421	21:04:40	0	5208	192	9999310.0	1508396	5188	5208	116	5209	601	187653	9759872930
20210421	21:04:40	500	5208	672	35000860.0	1508546	5188	5208	215	5209	312	188325	9794873790
20210421	21:04:41	0	5208	193	10053300.0	1508493	5188	5208	311	5209	158	188518	9804927090
20210421	21:04:41	500	5209	193	10053370.0	1508410	5188	5209	28	5210	273	188711	9814980460
20210421	21:04:42	0	5209	62	3229720.0	1508434	5188	5209	28	5210	268	188773	9818210180
20210421	21:04:42	500	5209	77	4011520.0	1508396	5188	5209	94	5210	211	188850	9822221700
20210421	21:04:43	0	5209	149	7761660.0	1508449	5188	5209	654	5210	202	188999	9829983360
20210421	21:04:43	500	5210	417	21723700.0	1508421	5188	5210	73	5211	314	189416	9851707060
20210421	21:04:44	0	5210	28	1458810.0	1508442	5188	5210	115	5211	317	189444	9853165870
20210421	21:04:44	500	5210	48	2500910.0	1508481	5188	5210	94	5211	308	189492	9855666780
20210421	21:04:45	0	5211	52	2709290.0	1508525	5188	5210	65	5211	307	189544	9858376070
20210421	21:04:45	500	5210	196	10213100.0	1508590	5188	5210	142	5211	160	189740	9868589170
20210421	21:04:46	0	5210	201	10472110.0	1508568	5188	5209	465	5210	268	189941	9879061280
20210421	21:04:46	500	5210	165	8596440.0	1508447	5188	5209	464	5210	225	190106	9887657720
20210421	21:04:47	0	5211	434	22613340.0	1508531	5188	5211	71	5212	457	190540	9910271060
20210421	21:04:47	500	5211	55	2866070.0	1508529	5188	5211	182	5212	408	190595	9913137130
20210421	21:04:48	0	5212	71	3699820.0	1508556	5188	5211	119	5212	399	190666	9916836950
20210421	21:04:48	500	5211	293	15268300.0	1508539	5188	5210	473	5211	238	190959	9932105250
20210421	21:04:49	0	5211	96	5002420.0	1508548	5188	5210	470	5211	238	191055	9937107670
20210421	21:04:49	500	5210	8	416840.0	1508547	5188	5210	474	5211	266	191063	9937524510
20210421	21:04:50	0	5211	113	5888280.0	1508552	5188	5210	461	5211	230	191176	9943412790
20210421	21:04:50	500	5210	114	5940430.0	1508551	5188	5210	453	5211	135	191290	9949353220
20210421	21:04:51	0	5210	73	3803420.0	1508556	5188	5210	404	5211	128	191363	9953156640
20210421	21:04:51	500	5210	32	1667280.0	1508580	5188	5210	380	5211	247	191395	9954823920
20210421	21:04:52	0	5211	433	22559340.0	1508752	5188	5209	535	5211	318	191828	9977383260
20210421	21:04:52	500	5210	16	833620.0	1508763	5188	5209	519	5210	117	191844	9978216880
20210421	21:04:53	0	5210	32	1667190.0	1508788	5188	5209	522	5210	136	191876	9979884070
20210421	21:04:53	500	5210	146	7606420.0	1508773	5188	5210	166	5211	357	192022	9987490490
20210421	21:04:54	0	5210	24	1250530.0	1508759	5188	5210	208	5211	346	192046	9988741020
20210421	21:04:54	500	5210	143	7451420.0	1508786	5188	5210	160	5211	248	192189	9996192440
20210421	21:04:55	0	5210	72	3751720.0	1508811	5188	5210	176	5211	198	192261	9999944160
20210421	21:04:55	500	5211	94	4897580.0	1508776	5188	5210	146	5211	179	192355	10004841740
20210421	21:04:56	0	5210	57	2969970.0	1508773	5188	5210	132	5211	179	192412	10007811710
20210421	21:04:56	500	5210	168	8752860.0	1508706	5188	5209	603	5210	556	192580	10016564570
20210421	21:04:57	0	5210	131	6825090.0	1508706	5188	5209	692	5210	460	192711	10023389660
20210421	21:04:57	500	5209	219	11408840.0	1508756	5188	5209	609	5210	375	192930	10034798500
20210421	21:04:58	0	5210	394	20527390.0	1508716	5188	5210	157	5211	203	193324	10055325890
20210421	21:04:58	500	5210	279	14535950.0	1508666	5188	5209	513	5211	316	193603	10069861840
20210421	21:04:59	0	5210	57	2969390.0	1508714	5188	5209	482	5210	94	193660	10072831230
20210421	21:04:59	500	5209	487	25368000.0	1509094	5188	5208	438	5209	87	194147	10098199230
20210421	21:05:00	0	5208	541	28175920.0	1509421	5188	5207	235	5208	36	194688	10126375150
20210421	21:05:00	500	5209	325	16925810.0	1509517	5188	5208	1	5209	125	195013	10143300960
20210421	21:05:01	0	5209	469	24427270.0	1509464	5188	5209	23	5210	160	195482	10167728230
20210421	21:05:01	500	5209	201	10470440.0	1509532	5188	5208	112	5209	52	195683	10178198670
20210421	21:05:02	0	5210	100	5208960.0	1509544	5188	5208	252	5209	4	195783	10183407630
20210421	21:05:02	500	5208	243	12657190.0	1509612	5188	5208	238	5209	1	196026	10196064820
20210421	21:05:03	0	5209	58	3021290.0	1509626	5188	5209	27	5210	143	196084	10199086110
20210421	21:05:03	500	5209	309	16095940.0	1509584	5188	5209	32	5210	91	196393	10215182050
20210421	21:05:04	0	5210	38	1979570.0	1509599	5188	5209	126	5210	148	196431	10217161620
20210421	21:05:04	500	5210	57	2969520.0	1509636	5188	5209	152	5210	132	196488	10220131140
20210421	21:05:05	0	5209	356	18542950.0	1509698	5188	5208	175	5209	145	196844	10238674090
20210421	21:05:05	500	5209	128	6667450.0	1509641	5188	5208	179	5209	94	196972	10245341540
20210421	21:05:06	0	5210	179	9324300.0	1509575	5188	5208	189	5210	135	197151	10254665840
20210421	21:05:06	500	5209	144	7501370.0	1509624	5188	5208	196	5209	12	197295	10262167210
20210421	21:05:07	0	5208	74	3854630.0	1509635	5188	5209	2	5210	133	197369	10266021840
20210421	21:05:07	500	5210	219	11408590.0	1509755	5188	5209	57	5210	118	197588	10277430430
20210421	21:05:08	0	5210	175	9117370.0	1509832	5188	5210	346	5211	355	197763	10286547800
20210421	21:05:08	500	5210	499	26002030.0	1509756	5188	5210	304	5211	112	198262	10312549830
20210421	21:05:09	0	5211	251	13079610.0	1509854	5188	5211	110	5212	563	198513	10325629440
20210421	21:05:09	500	5211	207	10787320.0	1509863	5188	5211	60	5212	522	198720	10336416760
20210421	21:05:10	0	5210	110	5732030.0	1509900	5188	5210	315	5211	1	198830	10342148790
20210421	21:05:10	500	5210	414	21573820.0	1510243	5188	5210	152	5211	79	199244	10363722610
20210421	21:05:11	0	5210	117	6096510.0	1510297	5188	5210	187	5211	205	199361	10369819120
20210421	21:05:11	500	5210	433	22561760.0	1510650	5188	5210	30	5211	112	199794	10392380880
20210421	21:05:12	0	5209	217	11305730.0	1510640	5188	5209	110	5210	2	200011	10403686610
20210421	21:05:12	500	5210	197	10264140.0	1510606	5188	5210	57	5211	158	200208	10413950750
20210421	21:05:13	0	5211	249	12975680.0	1510702	5188	5210	64	5212	308	200457	10426926430
20210421	21:05:13	500	5211	90	4689250.0	1510694	5188	5210	72	5211	107	200547	10431615680
20210421	21:05:14	0	5210	172	8961150.0	1510696	5188	5210	9	5211	141	200719	10440576830
20210421	21:05:14	500	5211	96	5001730.0	1510722	5188	5210	37	5211	158	200815	10445578560
20210421	21:05:15	0	5210	156	8126780.0	1510712	5188	5209	144	5210	19	200971	10453705340
20210421	21:05:15	500	5210	198	10314370.0	1510676	5188	5209	10	5210	79	201169	10464019710
20210421	21:05:16	0	5209	57	2969360.0	1510645	5188	5209	55	5210	198	201226	10466989070
20210421	21:05:16	500	5209	221	11510900.0	1510696	5188	5208	106	5209	5	201447	10478499970
20210421	21:05:17	0	5209	99	5156910.0	1510715	5188	5208	112	5209	118	201546	10483656880
20210421	21:05:17	500	5208	85	4427250.0	1510722	5188	5208	83	5209	162	201631	10488084130
20210421	21:05:18	0	5208	146	7603810.0	1510658	5188	5207	366	5208	34	201777	10495687940
20210421	21:05:18	500	5208	107	5572560.0	1510574	5188	5207	393	5208	157	201884	10501260500
20210421	21:05:19	0	5208	257	13384560.0	1510620	5188	5208	93	5209	147	202141	10514645060
20210421	21:05:19	500	5207	188	9791010.0	1510608	5188	5207	373	5208	20	202329	10524436070
20210421	21:05:20	0	5208	176	9164660.0	1510552	5188	5207	346	5208	87	202505	10533600730
20210421	21:05:20	500	5207	63	3280900.0	1510523	5188	5207	282	5208	124	202568	10536881630
20210421	21:05:21	0	5207	194	10102810.0	1510504	5188	5207	215	5208	11	202762	10546984440
20210421	21:05:21	500	5208	210	10936050.0	1510552	5188	5208	430	5209	115	202972	10557920490
20210421	21:05:22	0	5208	156	8124520.0	1510567	5188	5208	299	5209	93	203128	10566045010
20210421	21:05:22	500	5208	127	6614360.0	1510599	5188	5208	249	5209	95	203255	10572659370
20210421	21:05:23	0	5208	111	5780930.0	1510641	5188	5208	208	5209	91	203366	10578440300
20210421	21:05:23	500	5207	219	11405540.0	1510665	5188	5207	149	5208	16	203585	10589845840
20210421	21:05:24	0	5207	28	1458070.0	1510662	5188	5207	153	5208	143	203613	10591303910
20210421	21:05:24	500	5208	206	10727990.0	1510731	5188	5207	107	5208	76	203819	10602031900
20210421	21:05:25	0	5207	177	9216480.0	1510756	5188	5206	458	5207	130	203996	10611248380
20210421	21:05:25	500	5207	25	1301730.0	1510748	5188	5206	474	5207	333	204021	10612550110
20210421	21:05:26	0	5206	100	5206520.0	1510739	5188	5206	429	5207	305	204121	10617756630
20210421	21:05:26	500	5206	459	23895570.0	1510584	5188	5205	374	5206	262	204580	10641652200
20210421	21:05:27	0	5206	579	30138870.0	1510758	5188	5204	161	5206	164	205159	10671791070
20210421	21:05:27	500	5206	99	5153220.0	1510685	5188	5205	49	5206	145	205258	10676944290
20210421	21:05:28	0	5205	445	23163710.0	1510809	5188	5204	181	5205	234	205703	10700108000
20210421	21:05:28	500	5205	306	15927130.0	1510816	5188	5205	5	5206	54	206009	10716035130
20210421	21:05:29	0	5206	197	10254520.0	1510836	5188	5205	40	5206	70	206206	10726289650
20210421	21:05:29	500	5205	261	13585540.0	1510861	5188	5204	244	5205	321	206467	10739875190
20210421	21:05:30	0	5203	603	31378970.0	1510631	5188	5202	401	5203	40	207070	10771254160
20210421	21:05:30	500	5202	625	32514860.0	1510752	5188	5201	227	5202	86	207695	10803769020
20210421	21:05:31	0	5203	321	16697320.0	1510677	5188	5202	48	5203	38	208016	10820466340
20210421	21:05:31	500	5202	310	16125590.0	1510811	5188	5201	76	5202	430	208326	10836591930
20210421	21:05:32	0	5200	173	8997800.0	1510868	5188	5200	706	5201	105	208499	10845589730
20210421	21:05:32	500	5200	553	28761250.0	1510950	5188	5200	585	5201	5	209052	10874350980
20210421	21:05:33	0	5200	365	18981600.0	1510950	5188	5200	399	5202	450	209417	10893332580
20210421	21:05:33	500	5200	279	14508830.0	1510836	5188	5200	210	5201	6	209696	10907841410
20210421	21:05:34	0	5201	171	8892470.0	1510829	5188	5200	102	5201	29	209867	10916733880
20210421	21:05:34	500	5201	288	14980070.0	1510896	5188	5201	16	5202	281	210155	10931713950
20210421	21:05:35	0	5203	450	23408070.0	1510964	5188	5202	10	5203	59	210605	10955122020
20210421	21:05:35	500	5203	146	7596040.0	1510938	5188	5203	171	5204	117	210751	10962718060
20210421	21:05:36	0	5204	196	10200070.0	1510981	5188	5204	30	5205	402	210947	10972918130
20210421	21:05:36	500	5204	229	11918640.0	1511064	5188	5204	89	5205	264	211176	10984836770
20210421	21:05:37	0	5204	55	2862400.0	1511091	5188	5204	125	5205	197	211231	10987699170
20210421	21:05:37	500	5204	337	17539440.0	1510927	5188	5204	41	5205	27	211568	11005238610
20210421	21:05:38	0	5205	77	4007680.0	1510903	5188	5204	155	5205	9	211645	11009246290
20210421	21:05:38	500	5205	183	9526150.0	1511011	5188	5205	30	5206	80	211828	11018772440
20210421	21:05:39	0	5204	229	11919240.0	1511148	5188	5204	110	5205	1	212057	11030691680
20210421	21:05:39	500	5204	87	4528020.0	1511114	5188	5204	96	5205	81	212144	11035219700
20210421	21:05:40	0	5204	226	11762050.0	1511041	5188	5204	3	5205	77	212370	11046981750
20210421	21:05:40	500	5205	224	11658700.0	1511092	5188	5204	97	5205	5	212594	11058640450
20210421	21:05:41	0	5205	66	3435310.0	1511079	5188	5205	74	5206	116	212660	11062075760
20210421	21:05:41	500	5206	230	11970720.0	1511071	5188	5205	32	5206	129	212890	11074046480
20210421	21:05:42	0	5204	279	14519760.0	1511044	5188	5203	283	5204	10	213169	11088566240
20210421	21:05:42	500	5204	49	2550150.0	1511030	5188	5204	283	5205	152	213218	11091116390
20210421	21:05:43	0	5205	138	7182760.0	1511097	5188	5204	359	5205	12	213356	11098299150
20210421	21:05:43	500	5205	60	3123220.0	1511094	5188	5205	301	5206	138	213416	11101422370
20210421	21:05:44	0	5206	172	8954200.0	1511163	5188	5206	18	5207	88	213588	11110376570
20210421	21:05:44	500	5206	93	4841820.0	1511131	5188	5206	5	5207	177	213681	11115218390
20210421	21:05:45	0	5205	75	3904300.0	1511171	5188	5205	490	5206	139	213756	11119122690
20210421	21:05:45	500	5206	244	12703550.0	1511284	5188	5206	48	5207	105	214000	11131826240
20210421	21:05:46	0	5206	232	12077590.0	1511227	5188	5206	69	5207	113	214232	11143903830
20210421	21:05:46	500	5207	43	2238710.0	1511254	5188	5206	99	5207	141	214275	11146142540
20210421	21:05:47	0	5205	263	13692930.0	1511221	5188	5205	447	5206	19	214538	11159835470
20210421	21:05:47	500	5206	149	7757010.0	1511212	5188	5206	44	5207	49	214687	11167592480
20210421	21:05:48	0	5206	60	3123660.0	1511206	5188	5206	146	5207	109	214747	11170716140
20210421	21:05:48	500	5207	166	8643900.0	1511231	5188	5207	1	5208	233	214913	11179360040
20210421	21:05:49	0	5206	187	9735830.0	1511274	5188	5206	70	5207	3	215100	11189095870
20210421	21:05:49	500	5206	28	1457730.0	1511290	5188	5206	118	5207	160	215128	11190553600
20210421	21:05:50	0	5207	135	7029240.0	1511310	5188	5206	140	5207	82	215263	11197582840
20210421	21:05:50	500	5205	205	10672450.0	1511382	5188	5205	486	5206	27	215468	11208255290
20210421	21:05:51	0	5206	77	4008510.0	1511422	5188	5205	488	5206	35	215545	11212263800
20210421	21:05:51	500	5206	301	15671020.0	1511482	5188	5206	8	5207	42	215846	11227934820
20210421	21:05:52	0	5206	74	3852400.0	1511494	5188	5205	488	5206	9	215920	11231787220
20210421	21:05:52	500	5206	63	3279750.0	1511463	5188	5206	6	5207	181	215983	11235066970
20210421	21:05:53	0	5205	67	3487990.0	1511484	5188	5205	440	5206	10	216050	11238554960
20210421	21:05:53	500	5207	84	4373150.0	1511449	5188	5206	67	5207	215	216134	11242928110
20210421	21:05:54	0	5206	149	7756770.0	1511448	5188	5205	443	5206	12	216283	11250684880
20210421	21:05:54	500	5205	79	4112580.0	1511422	5188	5205	443	5206	111	216362	11254797460
20210421	21:05:55	0	5204	451	23474680.0	1511646	5188	5204	584	5205	41	216813	11278272140
20210421	21:05:55	500	5205	100	5205000.0	1511702	5188	5204	447	5205	83	216913	11283477140
20210421	21:05:56	0	5204	178	9264590.0	1511796	5188	5204	282	5205	79	217091	11292741730
20210421	21:05:56	500	5205	125	6505800.0	1511851	5188	5204	250	5205	10	217216	11299247530
20210421	21:05:57	0	5205	85	4423830.0	1511842	5188	5204	209	5205	31	217301	11303671360
20210421	21:05:57	500	5205	200	10410640.0	1511869	5188	5205	43	5206	162	217501	11314082000
20210421	21:05:58	0	5205	91	4736710.0	1511877	5188	5205	33	5206	157	217592	11318818710
20210421	21:05:58	500	5205	94	4892700.0	1511875	5188	5204	211	5205	24	217686	11323711410
20210421	21:05:59	0	5206	102	5309260.0	1511937	5188	5204	207	5205	1	217788	11329020670
20210421	21:05:59	500	5205	24	1249090.0	1511942	5188	5205	32	5206	132	217812	11330269760
20210421	21:06:00	0	5205	69	3591410.0	1511932	5188	5204	213	5205	12	217881	11333861170
20210421	21:06:00	500	5205	74	3851780.0	1511968	5188	5205	155	5206	140	217955	11337712950
20210421	21:06:01	0	5205	119	6193970.0	1512007	5188	5205	187	5206	127	218074	11343906920
20210421	21:06:01	500	5205	26	1353460.0	1512022	5188	5205	308	5206	123	218100	11345260380
20210421	21:06:02	0	5206	186	9682510.0	1512118	5188	5206	250	5207	295	218286	11354942890
20210421	21:06:02	500	5206	163	8485790.0	1512166	5188	5206	208	5207	277	218449	11363428680
20210421	21:06:03	0	5206	29	1509850.0	1512182	5188	5206	207	5207	274	218478	11364938530
20210421	21:06:03	500	5208	324	16870520.0	1512318	5188	5207	178	5208	426	218802	11381809050
20210421	21:06:04	0	5207	46	2395240.0	1512350	5188	5207	259	5208	430	218848	11384204290
20210421	21:06:04	500	5207	74	3853270.0	1512403	5188	5207	236	5208	414	218922	11388057560
20210421	21:06:05	0	5207	90	4686870.0	1512436	5188	5207	293	5208	357	219012	11392744430
20210421	21:06:05	500	5207	191	9947210.0	1512344	5188	5207	304	5208	173	219203	11402691640
20210421	21:06:06	0	5208	288	14998070.0	1512258	5188	5208	45	5209	375	219491	11417689710
20210421	21:06:06	500	5209	132	6875080.0	1512192	5188	5208	30	5209	385	219623	11424564790
20210421	21:06:07	0	5208	118	6145480.0	1512193	5188	5208	214	5209	375	219741	11430710270
20210421	21:06:07	500	5208	382	19894880.0	1512301	5188	5207	90	5208	247	220123	11450605150
20210421	21:06:08	0	5208	144	7498350.0	1512400	5188	5207	3	5208	265	220267	11458103500
20210421	21:06:08	500	5207	100	5207370.0	1512431	5188	5207	21	5208	305	220367	11463310870
20210421	21:06:09	0	5208	74	3853770.0	1512496	5188	5207	60	5208	376	220441	11467164640
20210421	21:06:09	500	5207	74	3853750.0	1512504	5188	5207	66	5208	292	220515	11471018390
20210421	21:06:10	0	5207	82	4270180.0	1512510	5188	5207	94	5208	239	220597	11475288570
20210421	21:06:10	500	5208	63	3280990.0	1512534	5188	5207	94	5208	181	220660	11478569560
20210421	21:06:11	0	5207	105	5467420.0	1512602	5188	5206	244	5207	7	220765	11484036980
20210421	21:06:11	500	5207	43	2238960.0	1512632	5188	5206	255	5207	114	220808	11486275940
20210421	21:06:12	0	5207	96	4998710.0	1512669	5188	5206	256	5207	234	220904	11491274650
20210421	21:06:12	500	5207	40	2082610.0	1512696	5188	5206	225	5207	230	220944	11493357260
20210421	21:06:13	0	5207	128	6664450.0	1512786	5188	5206	215	5207	196	221072	11500021710
20210421	21:06:13	500	5206	60	3123620.0	1512768	5188	5206	173	5207	238	221132	11503145330
20210421	21:06:14	0	5207	19	989210.0	1512773	5188	5206	167	5207	183	221151	11504134540
20210421	21:06:14	500	5206	51	2655210.0	1512783	5188	5206	132	5207	196	221202	11506789750
20210421	21:06:15	0	5207	41	2134780.0	1512788	5188	5206	138	5207	170	221243	11508924530
20210421	21:06:15	500	5206	22	1145410.0	1512791	5188	5206	151	5207	215	221265	11510069940
20210421	21:06:16	0	5206	6	312380.0	1512791	5188	5206	151	5207	217	221271	11510382320
20210421	21:06:16	500	5206	22	1145390.0	1512789	5188	5206	136	5207	241	221293	11511527710
20210421	21:06:17	0	5206	118	6143230.0	1512836	5188	5206	49	5207	246	221411	11517670940
20210421	21:06:17	500	5206	75	3904780.0	1512861	5188	5206	6	5207	208	221486	11521575720
20210421	21:06:18	0	5206	78	4061020.0	1512844	5188	5205	448	5206	31	221564	11525636740
20210421	21:06:18	500	5207	140	7289010.0	1512835	5188	5206	76	5207	135	221704	11532925750
20210421	21:06:19	0	5206	29	1509880.0	1512841	5188	5206	182	5207	142	221733	11534435630
20210421	21:06:19	500	5207	178	9268360.0	1512748	5188	5206	297	5208	360	221911	11543703990
20210421	21:06:20	0	5207	40	2082810.0	1512744	5188	5207	55	5208	360	221951	11545786800
20210421	21:06:20	500	5207	49	2551510.0	1512762	5188	5207	97	5208	365	222000	11548338310
20210421	21:06:21	0	5206	140	7289390.0	1512887	5188	5207	12	5208	372	222140	11555627700
20210421	21:06:21	500	5207	43	2238990.0	1512885	5188	5206	347	5207	70	222183	11557866690
20210421	21:06:22	0	5207	232	12079600.0	1512892	5188	5206	309	5207	12	222415	11569946290
20210421	21:06:22	500	5206	133	6925100.0	1512825	5188	5206	295	5208	381	222548	11576871390
20210421	21:06:23	0	5207	6	312430.0	1512830	5188	5207	3	5208	387	222554	11577183820
20210421	21:06:23	500	5207	100	5206970.0	1512778	5188	5207	34	5208	386	222654	11582390790
20210421	21:06:24	0	5207	77	4009530.0	1512818	5188	5207	20	5208	373	222731	11586400320
20210421	21:06:24	500	5207	61	3176350.0	1512838	5188	5206	508	5207	6	222792	11589576670
20210421	21:06:25	0	5206	151	7862620.0	1512811	5188	5206	512	5207	26	222943	11597439290
20210421	21:06:25	500	5207	74	3853100.0	1512801	5188	5206	510	5207	3	223017	11601292390
20210421	21:06:26	0	5207	31	1614160.0	1512802	5188	5206	508	5207	98	223048	11602906550
20210421	21:06:26	500	5207	54	2811690.0	1512838	5188	5206	506	5207	316	223102	11605718240
20210421	21:06:27	0	5207	301	15672890.0	1512856	5188	5206	487	5207	147	223403	11621391130
20210421	21:06:27	500	5207	31	1614130.0	1512858	5188	5206	490	5207	121	223434	11623005260
20210421	21:06:28	0	5207	40	2082660.0	1512867	5188	5206	478	5207	165	223474	11625087920
20210421	21:06:28	500	5207	70	3644320.0	1512864	5188	5206	423	5207	185	223544	11628732240
20210421	21:06:29	0	5207	182	9476600.0	1512746	5188	5206	408	5207	37	223726	11638208840
20210421	21:06:29	500	5206	63	3279900.0	1512785	5188	5206	358	5207	40	223789	11641488740
20210421	21:06:30	0	5206	6	312370.0	1512785	5188	5206	353	5207	277	223795	11641801110
20210421	21:06:30	500	5207	116	6039970.0	1512854	5188	5206	354	5207	201	223911	11647841080
20210421	21:06:31	0	5206	64	3332210.0	1512899	5188	5206	329	5207	165	223975	11651173290
20210421	21:06:31	500	5206	392	20407540.0	1513199	5188	5206	2	5207	189	224367	11671580830
20210421	21:06:32	0	5206	104	5414220.0	1513180	5188	5205	382	5206	244	224471	11676995050
20210421	21:06:32	500	5206	143	7444470.0	1513261	5188	5205	373	5206	165	224614	11684439520
20210421	21:06:33	0	5206	18	937070.0	1513267	5188	5205	414	5206	154	224632	11685376590
20210421	21:06:33	500	5206	19	989090.0	1513284	5188	5205	406	5206	175	224651	11686365680
20210421	21:06:34	0	5206	146	7600450.0	1513366	5188	5205	381	5206	56	224797	11693966130
20210421	21:06:34	500	5205	95	4945390.0	1513388	5188	5206	1	5207	194	224892	11698911520
20210421	21:06:35	0	5207	18	937200.0	1513392	5188	5206	46	5207	180	224910	11699848720
20210421	21:06:35	500	5206	19	989170.0	1513398	5188	5206	109	5207	194	224929	11700837890
20210421	21:06:36	0	5206	6	312360.0	1513397	5188	5206	114	5207	200	224935	11701150250
20210421	21:06:36	500	5206	111	5778680.0	1513378	5188	5206	6	5207	198	225046	11706928930
20210421	21:06:37	0	5206	44	2290730.0	1513365	5188	5205	403	5206	260	225090	11709219660
20210421	21:06:37	500	5206	13	676740.0	1513368	5188	5205	510	5206	334	225103	11709896400
20210421	21:06:38	0	5206	10	520590.0	1513361	5188	5205	511	5206	370	225113	11710416990
20210421	21:06:38	500	5206	137	7132190.0	1513279	5188	5205	504	5206	244	225250	11717549180
20210421	21:06:39	0	5206	234	12180190.0	1513244	5188	5205	320	5206	225	225484	11729729370
20210421	21:06:39	500	5205	133	6923670.0	1513324	5188	5205	288	5206	139	225617	11736653040
20210421	21:06:40	0	5206	14	728810.0	1513333	5188	5205	353	5206	342	225631	11737381850
20210421	21:06:40	500	5206	40	2082090.0	1513342	5188	5205	326	5206	374	225671	11739463940
20210421	21:06:41	0	5206	82	4268360.0	1513344	5188	5205	311	5206	359	225753	11743732300
20210421	21:06:41	500	5205	21	1093070.0	1513352	5188	5205	293	5206	357	225774	11744825370
20210421	21:06:42	0	5205	74	3851800.0	1513379	5188	5205	230	5206	350	225848	11748677170
20210421	21:06:42	500	5205	83	4320370.0	1513395	5188	5205	175	5206	436	225931	11752997540
20210421	21:06:43	0	5205	224	11659020.0	1513381	5188	5204	458	5205	65	226155	11764656560
20210421	21:06:43	500	5205	148	7703430.0	1513285	5188	5205	50	5206	472	226303	11772359990
20210421	21:06:44	0	5206	71	3695580.0	1513301	5188	5205	33	5206	482	226374	11776055570
20210421	21:06:44	500	5206	53	2758840.0	1513296	5188	5205	75	5206	474	226427	11778814410
20210421	21:06:45	0	5205	39	2030200.0	1513294	5188	5205	265	5206	455	226466	11780844610
20210421	21:06:45	500	5205	741	38574290.0	1512985	5188	5205	76	5206	8	227207	11819418900
20210421	21:06:46	0	5206	148	7704530.0	1512943	5188	5205	259	5207	282	227355	11827123430
20210421	21:06:46	500	5206	28	1457740.0	1512956	5188	5206	210	5207	271	227383	11828581170
20210421	21:06:47	0	5206	30	1561820.0	1512951	5188	5206	246	5207	241	227413	11830142990
20210421	21:06:47	500	5207	237	12338430.0	1512868	5188	5206	67	5207	224	227650	11842481420
20210421	21:06:48	0	5206	35	1822220.0	1512847	5188	5206	76	5207	229	227685	11844303640
20210421	21:06:48	500	5207	54	2811270.0	1512878	5188	5206	27	5207	228	227739	11847114910
20210421	21:06:49	0	5206	221	11503860.0	1512798	5188	5205	162	5206	57	227960	11858618770
20210421	21:06:49	500	5205	59	3071530.0	1512766	5188	5205	287	5206	235	228019	11861690300
20210421	21:06:50	0	5205	30	1561730.0	1512780	5188	5205	282	5206	246	228049	11863252030
20210421	21:06:50	500	5205	230	11971580.0	1512675	5188	5205	51	5206	404	228279	11875223610
20210421	21:06:51	0	5205	124	6454190.0	1512682	5188	5204	482	5205	51	228403	11881677800
20210421	21:06:51	500	5205	91	4736730.0	1512657	5188	5204	483	5205	68	228494	11886414530
20210421	21:06:52	0	5205	341	17748840.0	1512552	5188	5204	474	5205	40	228835	11904163370
20210421	21:06:52	500	5205	124	6454340.0	1512533	5188	5205	213	5206	380	228959	11910617710
20210421	21:06:53	0	5205	56	2914960.0	1512537	5188	5205	194	5206	351	229015	11913532670
20210421	21:06:53	500	5204	307	15978310.0	1512374	5188	5204	355	5205	17	229322	11929510980
20210421	21:06:54	0	5205	35	1821750.0	1512387	5188	5205	102	5206	353	229357	11931332730
20210421	21:06:54	500	5205	35	1821930.0	1512393	5188	5205	127	5206	338	229392	11933154660
20210421	21:06:55	0	5205	577	30036590.0	1512272	5188	5205	56	5206	8	229969	11963191250
20210421	21:06:55	500	5206	87	4528630.0	1512338	5188	5206	73	5207	323	230056	11967719880
20210421	21:06:56	0	5206	102	5310180.0	1512382	5188	5206	43	5207	315	230158	11973030060
20210421	21:06:56	500	5205	92	4789450.0	1512358	5188	5205	325	5206	53	230250	11977819510
20210421	21:06:57	0	5206	325	16918940.0	1512246	5188	5206	78	5207	270	230575	11994738450
20210421	21:06:57	500	5206	136	7080030.0	1512211	5188	5205	273	5206	9	230711	12001818480
20210421	21:06:58	0	5206	86	4477140.0	1512217	5188	5205	266	5206	20	230797	12006295620
20210421	21:06:58	500	5205	260	13533520.0	1512066	5188	5205	62	5206	106	231057	12019829140
20210421	21:06:59	0	5205	146	7599650.0	1512111	5188	5204	357	5206	140	231203	12027428790
20210421	21:06:59	500	5204	63	3279170.0	1512104	5188	5204	334	5206	189	231266	12030707960
20210421	21:07:00	0	5206	265	13791600.0	1512109	5188	5204	133	5205	1	231531	12044499560
20210421	21:07:00	500	5206	379	19727140.0	1511864	5188	5205	93	5206	164	231910	12064226700
20210421	21:07:01	0	5205	189	9837330.0	1511957	5188	5205	15	5206	198	232099	12074064030
20210421	21:07:01	500	5204	57	2966750.0	1511979	5188	5204	134	5205	96	232156	12077030780
20210421	21:07:02	0	5204	212	11032760.0	1512099	5188	5203	198	5204	190	232368	12088063540
20210421	21:07:02	500	5204	330	17171140.0	1512064	5188	5203	70	5204	97	232698	12105234680
20210421	21:07:03	0	5203	268	13945700.0	1512079	5188	5203	41	5204	39	232966	12119180380
20210421	21:07:03	500	5204	28	1457010.0	1512087	5188	5203	187	5204	169	232994	12120637390
20210421	21:07:04	0	5203	227	11811040.0	1512002	5188	5202	338	5203	7	233221	12132448430
20210421	21:07:04	500	5203	60	3121480.0	1512012	5188	5202	318	5203	192	233281	12135569910
20210421	21:07:05	0	5202	337	17530750.0	1512258	5188	5201	592	5202	68	233618	12153100660
20210421	21:07:05	500	5201	439	22832720.0	1512084	5188	5201	173	5202	161	234057	12175933380
20210421	21:07:06	0	5202	232	12066930.0	1512136	5188	5201	4	5202	380	234289	12188000310
20210421	21:07:06	500	5200	173	8997690.0	1512148	5188	5200	561	5201	249	234462	12196998000
20210421	21:07:07	0	5201	131	6812090.0	1512128	5188	5200	509	5201	291	234593	12203810090
20210421	21:07:07	500	5200	306	15912100.0	1511993	5188	5200	218	5201	285	234899	12219722190
20210421	21:07:08	0	5200	264	13728330.0	1512097	5188	5199	158	5200	93	235163	12233450520
20210421	21:07:08	500	5200	126	6551730.0	1512080	5188	5199	217	5200	70	235289	12240002250
20210421	21:07:09	0	5200	115	5980050.0	1512066	5188	5200	92	5201	317	235404	12245982300
20210421	21:07:09	500	5201	79	4108230.0	1512040	5188	5200	75	5201	300	235483	12250090530
20210421	21:07:10	0	5200	96	4992430.0	1511995	5188	5200	197	5201	261	235579	12255082960
20210421	21:07:10	500	5201	367	19087430.0	1511836	5188	5201	186	5202	338	235946	12274170390
20210421	21:07:11	0	5202	541	28144640.0	1511711	5188	5202	169	5203	1	236487	12302315030
20210421	21:07:11	500	5203	294	15296770.0	1511546	5188	5203	28	5204	118	236781	12317611800
20210421	21:07:12	0	5203	334	17377460.0	1511568	5188	5203	11	5204	125	237115	12334989260
20210421	21:07:12	500	5203	159	8271490.0	1511539	5188	5202	31	5203	59	237274	12343260750
20210421	21:07:13	0	5202	57	2965380.0	1511534	5188	5202	17	5203	131	237331	12346226130
20210421	21:07:13	500	5202	149	7752220.0	1511617	5188	5201	539	5202	34	237480	12353978350
20210421	21:07:14	0	5203	170	8843860.0	1511566	5188	5203	30	5204	152	237650	12362822210
20210421	21:07:14	500	5202	53	2757390.0	1511554	5188	5202	266	5203	120	237703	12365579600
20210421	21:07:15	0	5202	110	5722750.0	1511505	5188	5202	302	5203	63	237813	12371302350
20210421	21:07:15	500	5202	64	3329320.0	1511507	5188	5202	247	5203	86	237877	12374631670
20210421	21:07:16	0	5203	136	7075820.0	1511565	5188	5202	258	5203	1	238013	12381707490
20210421	21:07:16	500	5203	27	1404810.0	1511561	5188	5203	49	5204	126	238040	12383112300
20210421	21:07:17	0	5203	111	5775330.0	1511491	5188	5203	108	5204	128	238151	12388887630
20210421	21:07:17	500	5204	266	13841090.0	1511501	5188	5204	237	5205	262	238417	12402728720
20210421	21:07:18	0	5203	415	21595050.0	1511507	5188	5202	219	5203	118	238832	12424323770
20210421	21:07:18	500	5204	297	15453510.0	1511698	5188	5203	100	5204	42	239129	12439777280
20210421	21:07:19	0	5204	25	1300890.0	1511706	5188	5203	114	5204	152	239154	12441078170
20210421	21:07:19	500	5203	59	3069830.0	1511733	5188	5203	47	5204	175	239213	12444148000
20210421	21:07:20	0	5203	108	5618930.0	1511752	5188	5202	154	5203	127	239321	12449766930
20210421	21:07:20	500	5203	108	5618950.0	1511838	5188	5202	136	5203	127	239429	12455385880
20210421	21:07:21	0	5203	90	4682470.0	1511811	5188	5202	134	5203	192	239519	12460068350
20210421	21:07:21	500	5203	41	2132960.0	1511801	5188	5202	161	5203	183	239560	12462201310
20210421	21:07:22	0	5202	39	2028960.0	1511798	5188	5202	182	5203	165	239599	12464230270
20210421	21:07:22	500	5203	203	10561820.0	1511672	5188	5202	239	5203	5	239802	12474792090
20210421	21:07:23	0	5203	65	3382290.0	1511695	5188	5203	277	5204	217	239867	12478174380
20210421	21:07:23	500	5203	302	15715440.0	1511616	5188	5203	319	5205	313	240169	12493889820
20210421	21:07:24	0	5204	68	3539070.0	1511596	5188	5204	100	5205	261	240237	12497428890
20210421	21:07:24	500	5205	89	4631590.0	1511569	5188	5204	160	5205	279	240326	12502060480
20210421	21:07:25	0	5205	22	1144900.0	1511567	5188	5204	143	5205	277	240348	12503205380
20210421	21:07:25	500	5205	413	21494070.0	1511577	5188	5203	257	5205	81	240761	12524699450
20210421	21:07:26	0	5203	43	2237680.0	1511588	5188	5203	242	5204	27	240804	12526937130
20210421	21:07:26	500	5203	12	624380.0	1511586	5188	5203	235	5204	74	240816	12527561510
20210421	21:07:27	0	5204	124	6452810.0	1511565	5188	5203	230	5204	15	240940	12534014320
20210421	21:07:27	500	5204	34	1769340.0	1511556	5188	5204	2	5205	186	240974	12535783660
20210421	21:07:28	0	5204	33	1717340.0	1511559	5188	5204	135	5205	186	241007	12537501000
20210421	21:07:28	500	5204	22	1144890.0	1511566	5188	5204	185	5205	188	241029	12538645890
20210421	21:07:29	0	5204	25	1301020.0	1511583	5188	5204	414	5205	170	241054	12539946910
20210421	21:07:29	500	5204	28	1457230.0	1511584	5188	5204	466	5205	131	241082	12541404140
20210421	21:07:30	0	5205	170	8848200.0	1511541	5188	5205	45	5206	1008	241252	12550252340
20210421	21:07:30	500	5205	137	7130720.0	1511497	5188	5204	444	5205	20	241389	12557383060
20210421	21:07:31	0	5205	87	4527970.0	1511508	5188	5205	5	5206	1007	241476	12561911030
20210421	21:07:31	500	5204	190	9888300.0	1511604	5188	5204	290	5205	13	241666	12571799330
20210421	21:07:32	0	5205	142	7391260.0	1511605	5188	5205	7	5206	991	241808	12579190590
20210421	21:07:32	500	5204	33	1717630.0	1511588	5188	5204	294	5205	61	241841	12580908220
20210421	21:07:33	0	5205	95	4944690.0	1511574	5188	5205	14	5206	1001	241936	12585852910
20210421	21:07:33	500	5204	69	3591230.0	1511616	5188	5204	276	5205	7	242005	12589444140
20210421	21:07:34	0	5204	140	7285940.0	1511711	5188	5204	180	5205	48	242145	12596730080
20210421	21:07:34	500	5205	165	8587970.0	1511709	5188	5204	168	5205	5	242310	12605318050
20210421	21:07:35	0	5205	23	1197120.0	1511720	5188	5205	3	5206	1015	242333	12606515170
20210421	21:07:35	500	5205	32	1665560.0	1511731	5188	5205	140	5206	1020	242365	12608180730
20210421	21:07:36	0	5206	177	9214470.0	1511710	5188	5205	178	5206	851	242542	12617395200
20210421	21:07:36	500	5206	42	2186260.0	1511722	5188	5205	229	5206	832	242584	12619581460
20210421	21:07:37	0	5205	439	22854160.0	1511426	5188	5205	242	5206	416	243023	12642435620
20210421	21:07:37	500	5206	440	22906410.0	1511728	5188	5206	257	5207	456	243463	12665342030
20210421	21:07:38	0	5206	124	6455490.0	1511847	5188	5206	176	5207	429	243587	12671797520
20210421	21:07:38	500	5206	33	1718040.0	1511869	5188	5206	216	5207	432	243620	12673515560
20210421	21:07:39	0	5206	147	7653860.0	1511913	5188	5206	186	5207	328	243767	12681169420
20210421	21:07:39	500	5206	67	3488080.0	1511954	5188	5206	132	5207	317	243834	12684657500
20210421	21:07:40	0	5206	525	27335080.0	1511861	5188	5205	211	5206	7	244359	12711992580
20210421	21:07:40	500	5206	91	4738110.0	1511881	5188	5206	232	5207	9	244450	12716730690
20210421	21:07:41	0	5207	28	1457960.0	1511882	5188	5207	62	5208	654	244478	12718188650
20210421	21:07:41	500	5207	19	989390.0	1511886	5188	5207	148	5208	659	244497	12719178040
20210421	21:07:42	0	5208	324	16873270.0	1511979	5188	5207	141	5208	408	244821	12736051310
20210421	21:07:42	500	5207	32	1666320.0	1511983	5188	5207	121	5208	405	244853	12737717630
20210421	21:07:43	0	5208	340	17705690.0	1512205	5188	5206	191	5208	225	245193	12755423320
20210421	21:07:43	500	5209	224	11665870.0	1512309	5188	5208	375	5209	470	245417	12767089190
20210421	21:07:44	0	5208	204	10625200.0	1512318	5188	5208	323	5209	381	245621	12777714390
20210421	21:07:44	500	5207	644	33542210.0	1512462	5188	5207	84	5208	249	246265	12811256600
20210421	21:07:45	0	5209	470	24477350.0	1512520	5188	5208	3	5209	61	246735	12835733950
20210421	21:07:45	500	5208	65	3385320.0	1512508	5188	5208	186	5209	111	246800	12839119270
20210421	21:07:46	0	5209	89	4635820.0	1512547	5188	5209	141	5210	3763	246889	12843755090
20210421	21:07:46	500	5209	57	2969240.0	1512559	5188	5209	136	5210	3744	246946	12846724330
20210421	21:07:47	0	5209	310	16148960.0	1512474	5188	5209	240	5210	3656	247256	12862873290
20210421	21:07:47	500	5209	44	2291990.0	1512449	5188	5209	280	5210	3652	247300	12865165280
20210421	21:07:48	0	5209	485	25267850.0	1512667	5188	5209	218	5210	3240	247785	12890433130
20210421	21:07:48	500	5209	57	2969270.0	1512646	5188	5209	204	5210	3217	247842	12893402400
20210421	21:07:49	0	5210	209	10886930.0	1512760	5188	5208	258	5209	18	248051	12904289330
20210421	21:07:49	500	5209	51	2656610.0	1512776	5188	5208	254	5209	172	248102	12906945940
20210421	21:07:50	0	5208	122	6354850.0	1512825	5188	5208	272	5209	193	248224	12913300790
20210421	21:07:50	500	5209	429	22348520.0	1513139	5188	5209	1	5210	3077	248653	12935649310
20210421	21:07:51	0	5209	143	7449210.0	1513187	5188	5209	29	5210	3053	248796	12943098520
20210421	21:07:51	500	5209	74	3854860.0	1513213	5188	5209	84	5210	3036	248870	12946953380
20210421	21:07:52	0	5209	24	1250230.0	1513236	5188	5209	383	5210	3031	248894	12948203610
20210421	21:07:52	500	5210	41	2135920.0	1513265	5188	5209	378	5210	3003	248935	12950339530
20210421	21:07:53	0	5209	349	18182530.0	1513592	5188	5209	358	5210	2704	249284	12968522060
20210421	21:07:53	500	5209	178	9273560.0	1513756	5188	5209	339	5210	2563	249462	12977795620
20210421	21:07:54	0	5209	144	7502350.0	1513845	5188	5209	358	5210	2425	249606	12985297970
20210421	21:07:54	500	5210	941	49026010.0	1514359	5188	5209	605	5210	1505	250547	13034323980
20210421	21:07:55	0	5210	1574	82005240.0	1515335	5188	5210	339	5211	288	252121	13116329220
20210421	21:07:55	500	5210	387	20164660.0	1515482	5188	5210	188	5211	152	252508	13136493880
20210421	21:07:56	0	5211	261	13599700.0	1515420	5188	5210	153	5211	42	252769	13150093580
20210421	21:07:56	500	5211	84	4377050.0	1515403	5188	5210	220	5211	119	252853	13154470630
20210421	21:07:57	0	5211	179	9326780.0	1515329	5188	5210	153	5211	19	253032	13163797410
20210421	21:07:57	500	5211	225	11724230.0	1515387	5188	5210	104	5211	8	253257	13175521640
20210421	21:07:58	0	5211	193	10057190.0	1515400	5188	5211	223	5212	509	253450	13185578830
20210421	21:07:58	500	5211	333	17353020.0	1515408	5188	5211	33	5212	449	253783	13202931850
20210421	21:07:59	0	5211	83	4325110.0	1515379	5188	5211	171	5212	456	253866	13207256960
20210421	21:07:59	500	5211	134	6983740.0	1515470	5188	5211	269	5212	382	254000	13214240700
20210421	21:08:00	0	5212	74	3856490.0	1515507	5188	5211	365	5212	344	254074	13218097190
20210421	21:08:00	500	5212	212	11048670.0	1515567	5188	5211	303	5212	214	254286	13229145860
20210421	21:08:01	0	5211	328	17094460.0	1515777	5188	5211	355	5213	388	254614	13246240320
20210421	21:08:01	500	5212	49	2553950.0	1515777	5188	5212	85	5213	373	254663	13248794270
20210421	21:08:02	0	5212	43	2241300.0	1515771	5188	5212	240	5213	358	254706	13251035570
20210421	21:08:02	500	5212	284	14802210.0	1515775	5188	5212	403	5213	362	254990	13265837780
20210421	21:08:03	0	5213	370	19288090.0	1516028	5188	5213	302	5214	320	255360	13285125870
20210421	21:08:03	500	5213	145	7559780.0	1516101	5188	5213	518	5214	216	255505	13292685650
20210421	21:08:04	0	5214	236	12304930.0	1516131	5188	5214	541	5215	750	255741	13304990580
20210421	21:08:04	500	5214	616	32124050.0	1516039	5188	5214	674	5215	190	256357	13337114630
20210421	21:08:05	0	5215	385	20076880.0	1516080	5188	5215	51	5216	663	256742	13357191510
20210421	21:08:05	500	5215	914	47671420.0	1515965	5188	5215	32	5216	30	257656	13404862930
20210421	21:08:06	0	5216	198	10326790.0	1515957	5188	5215	250	5216	23	257854	13415189720
20210421	21:08:06	500	5216	381	19872610.0	1515938	5188	5215	252	5216	41	258235	13435062330
20210421	21:08:07	0	5215	421	21954170.0	1515809	5188	5214	344	5215	218	258656	13457016500
20210421	21:08:07	500	5214	466	24297850.0	1515809	5188	5213	294	5215	268	259122	13481314350
20210421	21:08:08	0	5215	549	28629000.0	1515490	5188	5215	91	5216	248	259671	13509943350
20210421	21:08:08	500	5215	158	8239530.0	1515397	5188	5214	98	5215	185	259829	13518182880
20210421	21:08:09	0	5215	174	9073860.0	1515458	5188	5214	77	5215	5	260003	13527256740
20210421	21:08:09	500	5214	205	10689890.0	1515448	5188	5214	70	5215	54	260208	13537946630
20210421	21:08:10	0	5214	84	4380430.0	1515455	5188	5214	75	5215	86	260292	13542327060
20210421	21:08:10	500	5215	221	11524940.0	1515511	5188	5214	159	5215	26	260513	13553852000
20210421	21:08:11	0	5214	165	8604810.0	1515536	5188	5214	183	5216	318	260678	13562456810
20210421	21:08:11	500	5214	101	5266860.0	1515558	5188	5214	166	5215	31	260779	13567723670
20210421	21:08:12	0	5214	345	17987670.0	1515632	5188	5213	234	5214	18	261124	13585711340
20210421	21:08:12	500	5214	162	8446660.0	1515686	5188	5213	241	5214	95	261286	13594158000
20210421	21:08:13	0	5214	185	9645790.0	1515763	5188	5213	177	5214	40	261471	13603803790
20210421	21:08:13	500	5214	291	15174130.0	1515805	5188	5214	80	5215	82	261762	13618977920
20210421	21:08:14	0	5215	92	4797750.0	1515778	5188	5214	346	5215	1	261854	13623775670
20210421	21:08:14	500	5215	149	7770350.0	1515717	5188	5215	133	5216	374	262003	13631546020
20210421	21:08:15	0	5215	361	18828780.0	1515873	5188	5215	308	5216	116	262364	13650374800
20210421	21:08:15	500	5217	299	15594840.0	1516139	5188	5216	115	5217	585	262663	13665969640
20210421	21:08:16	0	5216	1046	54571460.0	1516826	5188	5216	109	5217	1	263709	13720541100
20210421	21:08:16	500	5217	248	12938400.0	1516855	5188	5217	57	5218	741	263957	13733479500
20210421	21:08:17	0	5217	257	13406260.0	1516971	5188	5216	107	5217	3	264214	13746885760
20210421	21:08:17	500	5216	116	6051440.0	1517009	5188	5216	131	5217	248	264330	13752937200
20210421	21:08:18	0	5217	255	13302320.0	1517086	5188	5215	308	5217	211	264585	13766239520
20210421	21:08:18	500	5216	383	19976060.0	1517079	5188	5215	75	5216	125	264968	13786215580
20210421	21:08:19	0	5215	348	18147600.0	1517205	5188	5214	457	5215	27	265316	13804363180
20210421	21:08:19	500	5215	91	4745360.0	1517240	5188	5214	445	5215	119	265407	13809108540
20210421	21:08:20	0	5215	82	4276080.0	1517221	5188	5214	427	5215	144	265489	13813384620
20210421	21:08:20	500	5214	326	16997760.0	1517185	5188	5214	115	5215	178	265815	13830382380
20210421	21:08:21	0	5214	312	16267680.0	1517244	5188	5213	150	5214	248	266127	13846650060
20210421	21:08:21	500	5214	204	10635530.0	1517253	5188	5213	68	5214	194	266331	13857285590
20210421	21:08:22	0	5213	69	3597010.0	1517248	5188	5212	310	5213	216	266400	13860882600
20210421	21:08:22	500	5213	191	9956760.0	1517172	5188	5212	304	5213	62	266591	13870839360
20210421	21:08:23	0	5214	170	8862620.0	1517167	5188	5213	134	5214	158	266761	13879701980
20210421	21:08:23	500	5213	122	6360020.0	1517185	5188	5213	118	5214	149	266883	13886062000
20210421	21:08:24	0	5213	150	7820150.0	1517225	5188	5213	68	5214	115	267033	13893882150
20210421	21:08:24	500	5214	40	2085460.0	1517240	5188	5213	83	5214	179	267073	13895967610
20210421	21:08:25	0	5213	34	1772490.0	1517257	5188	5213	64	5214	178	267107	13897740100
20210421	21:08:25	500	5214	294	15328140.0	1517361	5188	5214	286	5215	343	267401	13913068240
20210421	21:08:26	0	5214	441	22992300.0	1517631	5188	5213	63	5214	32	267842	13936060540
20210421	21:08:26	500	5214	587	30609440.0	1517802	5188	5213	193	5214	3	268429	13966669980
20210421	21:08:27	0	5214	42	2189930.0	1517798	5188	5214	887	5215	61	268471	13968859910
20210421	21:08:27	500	5215	121	6310150.0	1517778	5188	5215	76	5216	408	268592	13975170060
20210421	21:08:28	0	5215	123	6414460.0	1517744	5188	5215	72	5216	410	268715	13981584520
20210421	21:08:28	500	5216	226	11785730.0	1517583	5188	5214	742	5216	392	268941	13993370250
20210421	21:08:29	0	5216	579	30198060.0	1517864	5188	5216	97	5217	435	269520	14023568310
20210421	21:08:29	500	5215	245	12779040.0	1517892	5188	5215	204	5216	36	269765	14036347350
20210421	21:08:30	0	5216	153	7980910.0	1517842	5188	5216	293	5217	390	269918	14044328260
20210421	21:08:30	500	5217	415	21650430.0	1517884	5188	5217	32	5218	976	270333	14065978690
20210421	21:08:31	0	5217	274	14294890.0	1517960	5188	5216	327	5217	43	270607	14080273580
20210421	21:08:31	500	5217	88	4590400.0	1517950	5188	5216	349	5217	98	270695	14084863980
20210421	21:08:32	0	5216	508	26504240.0	1517937	5188	5216	273	5217	121	271203	14111368220
20210421	21:08:32	500	5216	505	26341810.0	1517911	5188	5215	256	5216	5	271708	14137710030
20210421	21:08:33	0	5216	124	6468090.0	1517890	5188	5216	14	5217	183	271832	14144178120
20210421	21:08:33	500	5217	240	12518490.0	1517857	5188	5216	48	5217	159	272072	14156696610
20210421	21:08:34	0	5217	309	16119710.0	1517994	5188	5217	317	5218	721	272381	14172816320
20210421	21:08:34	500	5217	162	8451540.0	1518021	5188	5217	166	5218	716	272543	14181267860
20210421	21:08:35	0	5217	133	6938630.0	1518090	5188	5217	41	5218	739	272676	14188206490
20210421	21:08:35	500	5217	94	4903640.0	1518094	5188	5216	164	5217	168	272770	14193110130
20210421	21:08:36	0	5216	91	4747290.0	1518118	5188	5216	165	5217	147	272861	14197857420
20210421	21:08:36	500	5217	57	2973430.0	1518125	5188	5216	156	5217	256	272918	14200830850
20210421	21:08:37	0	5217	66	3443110.0	1518106	5188	5216	160	5217	238	272984	14204273960
20210421	21:08:37	500	5216	74	3860030.0	1518153	5188	5216	104	5217	247	273058	14208133990
20210421	21:08:38	0	5216	39	2034470.0	1518175	5188	5216	99	5217	252	273097	14210168460
20210421	21:08:38	500	5216	70	3651370.0	1518209	5188	5216	63	5217	268	273167	14213819830
20210421	21:08:39	0	5216	90	4694670.0	1518209	5188	5216	11	5217	256	273257	14218514500
20210421	21:08:39	500	5216	78	4068520.0	1518206	5188	5215	280	5216	11	273335	14222583020
20210421	21:08:40	0	5216	102	5320250.0	1518155	5188	5215	282	5216	56	273437	14227903270
20210421	21:08:40	500	5217	99	5163900.0	1518111	5188	5215	281	5216	10	273536	14233067170
20210421	21:08:41	0	5217	143	7460040.0	1518069	5188	5216	19	5217	322	273679	14240527210
20210421	21:08:41	500	5217	138	7198000.0	1517980	5188	5216	12	5217	320	273817	14247725210
20210421	21:08:42	0	5217	473	24674890.0	1518163	5188	5217	182	5218	884	274290	14272400100
20210421	21:08:42	500	5216	250	13041900.0	1518177	5188	5216	86	5217	210	274540	14285442000
20210421	21:08:43	0	5218	437	22797250.0	1518444	5188	5217	410	5218	889	274977	14308239250
20210421	21:08:43	500	5218	605	31567820.0	1518697	5188	5217	430	5218	473	275582	14339807070
20210421	21:08:44	0	5218	535	27915560.0	1519039	5188	5218	216	5219	945	276117	14367722630
20210421	21:08:44	500	5218	135	7044990.0	1519088	5188	5218	293	5219	876	276252	14374767620
20210421	21:08:45	0	5218	202	10541100.0	1519185	5188	5218	189	5219	800	276454	14385308720
20210421	21:08:45	500	5218	178	9288750.0	1519233	5188	5218	86	5219	748	276632	14394597470
20210421	21:08:46	0	5218	205	10697880.0	1519343	5188	5218	10	5219	690	276837	14405295350
20210421	21:08:46	500	5218	170	8870820.0	1519451	5188	5217	380	5218	90	277007	14414166170
20210421	21:08:47	0	5218	81	4226020.0	1519477	5188	5217	327	5218	350	277088	14418392190
20210421	21:08:47	500	5218	71	3704520.0	1519493	5188	5217	276	5218	372	277159	14422096710
20210421	21:08:48	0	5217	482	25144830.0	1519478	5188	5216	19	5217	39	277641	14447241540
20210421	21:08:48	500	5217	71	3703410.0	1519504	5188	5215	307	5217	198	277712	14450944950
20210421	21:08:49	0	5217	142	7407850.0	1519486	5188	5216	15	5217	183	277854	14458352800
20210421	21:08:49	500	5217	110	5738000.0	1519515	5188	5216	12	5217	287	277964	14464090800
20210421	21:08:50	0	5216	249	12986820.0	1519544	5188	5215	205	5216	14	278213	14477077620
20210421	21:08:50	500	5216	69	3599020.0	1519532	5188	5215	223	5216	70	278282	14480676640
20210421	21:08:51	0	5216	261	13611740.0	1519649	5188	5215	28	5216	209	278543	14494288380
20210421	21:08:51	500	5215	43	2242440.0	1519641	5188	5214	167	5215	88	278586	14496530820
20210421	21:08:52	0	5215	142	7404230.0	1519579	5188	5214	63	5215	180	278728	14503935050
20210421	21:08:52	500	5214	72	3754740.0	1519632	5188	5214	68	5215	172	278800	14507689790
20210421	21:08:53	0	5215	45	2346420.0	1519600	5188	5214	109	5215	176	278845	14510036210
20210421	21:08:53	500	5214	44	2294390.0	1519590	5188	5214	116	5215	153	278889	14512330600
20210421	21:08:54	0	5214	88	4588960.0	1519539	5188	5214	138	5215	101	278977	14516919560
20210421	21:08:54	500	5214	125	6517640.0	1519563	5188	5214	44	5215	96	279102	14523437200
20210421	21:08:55	0	5215	139	7248160.0	1519553	5188	5214	59	5215	75	279241	14530685360
20210421	21:08:55	500	5215	140	7300880.0	1519590	5188	5215	9	5216	345	279381	14537986240
20210421	21:08:56	0	5215	167	8709500.0	1519572	5188	5214	176	5216	303	279548	14546695740
20210421	21:08:56	500	5216	59	3077270.0	1519610	5188	5215	7	5216	262	279607	14549773010
20210421	21:08:57	0	5215	87	4537570.0	1519590	5188	5215	92	5216	324	279694	14554310580
20210421	21:08:57	500	5215	54	2816420.0	1519597	5188	5215	151	5216	296	279748	14557127000
20210421	21:08:58	0	5215	144	7509740.0	1519566	5188	5215	72	5216	312	279892	14564636740
20210421	21:08:58	500	5215	94	4902180.0	1519530	5188	5215	7	5216	327	279986	14569538920
20210421	21:08:59	0	5214	54	2816050.0	1519567	5188	5214	214	5215	92	280040	14572354970
20210421	21:08:59	500	5215	55	2867750.0	1519543	5188	5214	171	5215	234	280095	14575222720
20210421	21:09:00	0	5215	156	8134370.0	1519544	5188	5214	56	5215	222	280251	14583357090
20210421	21:09:00	500	5215	172	8969330.0	1519530	5188	5214	36	5215	211	280423	14592326420
20210421	21:09:01	0	5215	27	1407970.0	1519534	5188	5214	126	5215	229	280450	14593734390
20210421	21:09:01	500	5214	83	4327780.0	1519597	5188	5214	97	5215	236	280533	14598062170
20210421	21:09:02	0	5214	64	3337430.0	1519622	5188	5214	76	5215	321	280597	14601399600
20210421	21:09:02	500	5214	315	16425410.0	1519683	5188	5213	220	5214	116	280912	14617825010
20210421	21:09:03	0	5214	141	7351700.0	1519693	5188	5213	367	5214	112	281053	14625176710
20210421	21:09:03	500	5214	223	11627480.0	1519734	5188	5214	327	5215	210	281276	14636804190
20210421	21:09:04	0	5214	179	9334630.0	1519733	5188	5214	352	5215	52	281455	14646138820
20210421	21:09:04	500	5215	75	3911200.0	1519746	5188	5215	25	5216	344	281530	14650050020
20210421	21:09:05	0	5216	124	6466070.0	1519686	5188	5215	79	5216	340	281654	14656516090
20210421	21:09:05	500	5215	40	2086070.0	1519695	5188	5215	107	5216	349	281694	14658602160
20210421	21:09:06	0	5216	89	4641360.0	1519679	5188	5215	21	5216	351	281783	14663243520
20210421	21:09:06	500	5215	75	3911330.0	1519718	5188	5214	336	5215	17	281858	14667154850
20210421	21:09:07	0	5215	106	5526900.0	1519686	5188	5214	41	5215	171	281964	14672681750
20210421	21:09:07	500	5214	47	2450570.0	1519706	5188	5213	363	5214	109	282011	14675132320
20210421	21:09:08	0	5214	12	625680.0	1519707	5188	5213	351	5214	109	282023	14675758000
20210421	21:09:08	500	5214	37	1929160.0	1519726	5188	5213	328	5214	144	282060	14677687160
20210421	21:09:09	0	5213	22	1147000.0	1519732	5188	5213	322	5214	130	282082	14678834160
20210421	21:09:09	500	5215	235	12252750.0	1519808	5188	5214	199	5215	517	282317	14691086910
20210421	21:09:10	0	5215	93	4849070.0	1519860	5188	5214	158	5215	512	282410	14695935980
20210421	21:09:10	500	5214	15	782160.0	1519868	5188	5214	159	5215	515	282425	14696718140
20210421	21:09:11	0	5214	179	9333010.0	1519911	5188	5213	324	5214	27	282604	14706051150
20210421	21:09:11	500	5214	27	1407700.0	1519919	5188	5213	328	5214	149	282631	14707458850
20210421	21:09:12	0	5214	236	12302930.0	1519884	5188	5213	122	5214	214	282867	14719761780
20210421	21:09:12	500	5213	95	4952450.0	1519854	5188	5213	37	5214	249	282962	14724714230
20210421	21:09:13	0	5212	97	5056750.0	1519842	5188	5212	368	5213	43	283059	14729770980
20210421	21:09:13	500	5213	36	1876630.0	1519831	5188	5212	363	5213	38	283095	14731647610
20210421	21:09:14	0	5212	18	938220.0	1519831	5188	5212	352	5213	116	283113	14732585830
20210421	21:09:14	500	5212	53	2762490.0	1519857	5188	5212	314	5213	175	283166	14735348320
20210421	21:09:15	0	5213	230	11987800.0	1519858	5188	5212	105	5213	181	283396	14747336120
20210421	21:09:15	500	5213	111	5786120.0	1519887	5188	5212	74	5213	111	283507	14753122240
20210421	21:09:16	0	5212	41	2137050.0	1519894	5188	5212	215	5213	121	283548	14755259290
20210421	21:09:16	500	5212	89	4639470.0	1519855	5188	5212	221	5213	37	283637	14759898760
20210421	21:09:17	0	5213	104	5421090.0	1519859	5188	5212	188	5214	217	283741	14765319850
20210421	21:09:17	500	5213	225	11727000.0	1519710	5188	5212	8	5213	15	283966	14777046850
20210421	21:09:18	0	5213	67	3492390.0	1519738	5188	5212	83	5213	176	284033	14780539240
20210421	21:09:18	500	5213	103	5368940.0	1519798	5188	5212	70	5213	125	284136	14785908180
20210421	21:09:19	0	5212	39	2032710.0	1519804	5188	5212	74	5213	157	284175	14787940890
20210421	21:09:19	500	5212	96	5003490.0	1519771	5188	5211	310	5212	29	284271	14792944380
20210421	21:09:20	0	5213	396	20639970.0	1519702	5188	5212	177	5213	117	284667	14813584350
20210421	21:09:20	500	5212	46	2397810.0	1519689	5188	5212	201	5213	102	284713	14815982160
20210421	21:09:21	0	5214	149	7766920.0	1519728	5188	5212	201	5214	201	284862	14823749080
20210421	21:09:21	500	5213	26	1355380.0	1519720	5188	5213	51	5214	167	284888	14825104460
20210421	21:09:22	0	5214	264	13762510.0	1519849	5188	5213	1	5214	136	285152	14838866970
20210421	21:09:22	500	5212	33	1720240.0	1519879	5188	5212	292	5213	1	285185	14840587210
20210421	21:09:23	0	5212	10	521210.0	1519883	5188	5212	327	5213	285	285195	14841108420
20210421	21:09:23	500	5212	6	312720.0	1519889	5188	5212	295	5213	323	285201	14841421140
